<record><header><identifier>oai:alma.41SLSP_UGE:991000009979705502</identifier><datestamp>2023-03-01T01:08:51Z</datestamp><setSpec>uge_bcen_RapidILL_BOOK</setSpec><setSpec>uge_aaca_RapidILL_BOOK</setSpec><setSpec>uge_abels_RapidILL_BOOK</setSpec><setSpec>uge_dbu_RapidILL_BOOK</setSpec><setSpec>uge_cmu_RapidILL_BOOK</setSpec><setSpec>uge_mail_RapidILL_BOOK</setSpec><setSpec>UNIGE_ALL</setSpec><setSpec>uge_abbat_RapidILL_BOOK</setSpec><setSpec>uge_aobs_RapidILL_BOOK</setSpec><setSpec>uge_acar_RapidILL_BOOK</setSpec></header><metadata>
<record xmlns="http://www.loc.gov/MARC21/slim" xmlns:xsi="http://www.w3.org/2001/XMLSchema-instance" xsi:schemaLocation="http://www.loc.gov/MARC21/slim http://www.loc.gov/standards/marcxml/schema/MARC21slim.xsd"><leader>02406nam a2200601 c 4500</leader><controlfield tag="001">991000009979705502</controlfield><controlfield tag="005">20201231191941.0</controlfield><controlfield tag="008">201012s1992    it ||||| |||| 00| ||ita d</controlfield><datafield ind1=" " ind2=" " tag="020"><subfield code="a">8808161528</subfield><subfield code="c">EUR 25.00</subfield></datafield><datafield ind1=" " ind2=" " tag="035"><subfield code="a">(swissbib)240718461-41slsp_network</subfield></datafield><datafield ind1=" " ind2=" " tag="035"><subfield code="a">240718461</subfield><subfield code="9">ExL</subfield></datafield><datafield ind1=" " ind2=" " tag="035"><subfield code="a">(RERO)1542760-41slsp</subfield></datafield><datafield ind1=" " ind2=" " tag="035"><subfield code="a">(NEBIS)001215238EBI01</subfield></datafield><datafield ind1=" " ind2=" " tag="035"><subfield code="a">(IDSLU)000448364ILU01</subfield></datafield><datafield ind1=" " ind2=" " tag="035"><subfield code="a">(EXLNZ-41SLSP_NETWORK)991031983529705501</subfield></datafield><datafield ind1=" " ind2=" " tag="040"><subfield code="a">RERO geubfd</subfield><subfield code="d">CH-ZuSLS</subfield></datafield><datafield ind1=" " ind2="7" tag="072"><subfield code="a">dr</subfield><subfield code="2">rero</subfield></datafield><datafield ind1=" " ind2="7" tag="072"><subfield code="a">841</subfield><subfield code="2">IDS LU</subfield></datafield><datafield ind1="0" ind2="4" tag="082"><subfield code="a">346.45077</subfield></datafield><datafield ind1="1" ind2="4" tag="082"><subfield code="a">346.450 2</subfield><subfield code="2">22</subfield></datafield><datafield ind1=" " ind2=" " tag="084"><subfield code="a">CA/I 63 b</subfield><subfield code="2">cjurrom</subfield></datafield><datafield ind1="1" ind2=" " tag="100"><subfield code="a">Giacobbe, Giovanni</subfield><subfield code="c">juriste</subfield><subfield code="0">(IDREF)032537816</subfield><subfield code="4">cre</subfield></datafield><datafield ind1="1" ind2="0" tag="245"><subfield code="a">Della delegazione, dell'espromissione e dell'accollo</subfield><subfield code="b">art. 1268-1276</subfield><subfield code="c">Giovanni Giacobbe, Daniela Giacobbe</subfield></datafield><datafield ind1="1" ind2="0" tag="246"><subfield code="a">Delegazione, espromissione, accollo</subfield></datafield><datafield ind1="1" ind2="0" tag="246"><subfield code="a">Delegazione, dell'espromissione e dell'accollo</subfield></datafield><datafield ind1=" " ind2="1" tag="264"><subfield code="a">Bologna</subfield><subfield code="b">Zanichelli</subfield><subfield code="a">Roma</subfield><subfield code="b">Soc. ed. del foro italiano</subfield><subfield code="c">1992</subfield></datafield><datafield ind1=" " ind2=" " tag="300"><subfield code="a">XI, 139 p.</subfield><subfield code="c">25 cm</subfield></datafield><datafield ind1=" " ind2=" " tag="336"><subfield code="b">txt</subfield><subfield code="2">rdacontent</subfield></datafield><datafield ind1=" " ind2=" " tag="337"><subfield code="b">n</subfield><subfield code="2">rdamedia</subfield></datafield><datafield ind1=" " ind2=" " tag="338"><subfield code="b">nc</subfield><subfield code="2">rdacarrier</subfield></datafield><datafield ind1="1" ind2=" " tag="490"><subfield code="a">Commentario del codice civile / a cura di Antonio Scialoja e Giuseppe Branca. Libro 4, Delle obbligazioni</subfield><subfield code="v">art. 1268-1276</subfield></datafield><datafield ind1=" " ind2=" " tag="500"><subfield code="a">Nebentitel: Delegazione, espromissione, accollo</subfield></datafield><datafield ind1=" " ind2=" " tag="500"><subfield code="a">Commentario degli art. 1268-1276 del codice civile italiano</subfield></datafield><datafield ind1=" " ind2=" " tag="504"><subfield code="a">Bibliogr</subfield></datafield><datafield ind1=" " ind2=" " tag="504"><subfield code="a">Literaturverz.</subfield></datafield><datafield ind1="0" ind2="0" tag="505"><subfield code="t">Art. 1268-1273</subfield><subfield code="r">Giovanni Giacobbe</subfield><subfield code="t">Art. 1274-1276</subfield><subfield code="r">Daniela Giacobbe</subfield></datafield><datafield ind1="1" ind2="7" tag="610"><subfield code="a">Italien</subfield><subfield code="t">Codice civile</subfield><subfield code="0">(DE-588)4192740-0</subfield><subfield code="2">gnd</subfield></datafield><datafield ind1=" " ind2="7" tag="650"><subfield code="a">Schuldübernahme</subfield><subfield code="2">idszbz</subfield></datafield><datafield ind1=" " ind2="7" tag="650"><subfield code="a">Zivilgesetzbuch</subfield><subfield code="0">(DE-588)4365203-7</subfield><subfield code="2">gnd</subfield></datafield><datafield ind1=" " ind2="0" tag="650"><subfield code="a">Assignments for benefit of creditors</subfield><subfield code="z">Italy</subfield></datafield><datafield ind1=" " ind2="7" tag="650"><subfield code="a">Schuldübernahme</subfield><subfield code="0">(DE-588)4180131-3</subfield><subfield code="2">gnd</subfield></datafield><datafield ind1=" " ind2="7" tag="651"><subfield code="a">Italien</subfield><subfield code="2">idszbz</subfield></datafield><datafield ind1=" " ind2="7" tag="651"><subfield code="a">Italien</subfield><subfield code="0">(DE-588)4027833-5</subfield><subfield code="2">gnd</subfield></datafield><datafield ind1=" " ind2="7" tag="655"><subfield code="a">Kommentar</subfield><subfield code="2">idszbz</subfield></datafield><datafield ind1=" " ind2="7" tag="655"><subfield code="a">Kommentar</subfield><subfield code="2">gnd-content</subfield></datafield><datafield ind1=" " ind2=" " tag="691"><subfield code="e">PC 63 I</subfield><subfield code="2">rzs-L1</subfield></datafield><datafield ind1=" " ind2=" " tag="691"><subfield code="e">PC 72 I</subfield><subfield code="2">rzs-L1</subfield></datafield><datafield ind1="1" ind2="2" tag="700"><subfield code="a">Giacobbe, Giovanni</subfield><subfield code="t">Art. 1268-1273</subfield></datafield><datafield ind1="1" ind2="2" tag="700"><subfield code="a">Giacobbe, Daniela</subfield><subfield code="t">Art. 1274-1276</subfield></datafield><datafield ind1="1" ind2=" " tag="700"><subfield code="a">Giacobbe, Daniela</subfield><subfield code="0">(IDREF)032835566</subfield></datafield><datafield ind1=" " ind2=" " tag="830"><subfield code="a">Commentario del codice civile e codici collegati Scialoja-Branca-Galgano</subfield><subfield code="v">1268-1276</subfield><subfield code="w">(NEBIS)000995427EBI01</subfield></datafield><datafield ind1=" " ind2=" " tag="830"><subfield code="a">Delle obbligazioni</subfield><subfield code="v">1268/1276</subfield><subfield code="w">(IDSLU)000357362ILU01</subfield></datafield><datafield ind1=" " ind2=" " tag="900"><subfield code="a">REROnoselfmerge</subfield></datafield><datafield ind1=" " ind2=" " tag="900"><subfield code="a">IDSZ2rwimon201101l</subfield><subfield code="c">IDSZ2biss</subfield></datafield></record>
</metadata></record>