<record><header><identifier>oai:alma.41SLSP_UGE:991000009769705502</identifier><datestamp>2023-03-01T01:08:51Z</datestamp><setSpec>uge_bcen_RapidILL_BOOK</setSpec><setSpec>uge_aaca_RapidILL_BOOK</setSpec><setSpec>uge_abels_RapidILL_BOOK</setSpec><setSpec>uge_dbu_RapidILL_BOOK</setSpec><setSpec>uge_cmu_RapidILL_BOOK</setSpec><setSpec>uge_mail_RapidILL_BOOK</setSpec><setSpec>UNIGE_ALL</setSpec><setSpec>uge_abbat_RapidILL_BOOK</setSpec><setSpec>uge_aobs_RapidILL_BOOK</setSpec><setSpec>uge_acar_RapidILL_BOOK</setSpec></header><metadata>
<record xmlns="http://www.loc.gov/MARC21/slim" xmlns:xsi="http://www.w3.org/2001/XMLSchema-instance" xsi:schemaLocation="http://www.loc.gov/MARC21/slim http://www.loc.gov/standards/marcxml/schema/MARC21slim.xsd"><leader>02150nam a2200517 c 4500</leader><controlfield tag="001">991000009769705502</controlfield><controlfield tag="005">20230223195124.0</controlfield><controlfield tag="008">201011s1975    sz ||||| |||| 00| ||ger d</controlfield><datafield ind1=" " ind2=" " tag="020"><subfield code="a">3261018488</subfield></datafield><datafield ind1=" " ind2=" " tag="035"><subfield code="a">(swissbib)217513646-41slsp_network</subfield></datafield><datafield ind1=" " ind2=" " tag="035"><subfield code="a">217513646</subfield><subfield code="9">ExL</subfield></datafield><datafield ind1=" " ind2=" " tag="035"><subfield code="a">(RERO)1093092-41slsp</subfield></datafield><datafield ind1=" " ind2=" " tag="035"><subfield code="a">(IDSBB)001071799DSV01</subfield></datafield><datafield ind1=" " ind2=" " tag="035"><subfield code="a">(NEBIS)003272028EBI01</subfield></datafield><datafield ind1=" " ind2=" " tag="035"><subfield code="a">(EXLNZ-41SLSP_NETWORK)991036908769705501</subfield></datafield><datafield ind1=" " ind2=" " tag="040"><subfield code="a">RERO frbcuc</subfield><subfield code="d">CH-ZuSLS</subfield></datafield><datafield ind1=" " ind2=" " tag="044"><subfield code="a">sz</subfield><subfield code="a">gw</subfield></datafield><datafield ind1=" " ind2="7" tag="072"><subfield code="a">se</subfield><subfield code="2">rero</subfield></datafield><datafield ind1=" " ind2="7" tag="072"><subfield code="a">bw</subfield><subfield code="2">SzZuIDS BS/BE</subfield></datafield><datafield ind1=" " ind2="7" tag="072"><subfield code="a">wi</subfield><subfield code="2">SzZuIDS BS/BE</subfield></datafield><datafield ind1="0" ind2="4" tag="082"><subfield code="a">330.8</subfield></datafield><datafield ind1="1" ind2="4" tag="082"><subfield code="a">330</subfield><subfield code="2">15</subfield></datafield><datafield ind1=" " ind2=" " tag="084"><subfield code="a">QR 523</subfield><subfield code="2">rvk</subfield></datafield><datafield ind1="1" ind2=" " tag="100"><subfield code="a">Hoffmann, Wolf-Dietrich</subfield><subfield code="0">(RERO)A003377659</subfield><subfield code="4">cre</subfield></datafield><datafield ind1="1" ind2="0" tag="245"><subfield code="a">&lt;&lt;Die&gt;&gt; International Business Machines Corporation (IBM) im amerikanischen Datenverarbeitungsmarkt</subfield><subfield code="b">eine Fallstudie</subfield><subfield code="c">Wolf-Dietrich Hoffmann</subfield></datafield><datafield ind1=" " ind2="1" tag="264"><subfield code="a">Bern</subfield><subfield code="b">H. Lang</subfield><subfield code="a">Frankfurt/M.</subfield><subfield code="b">P. Lang</subfield><subfield code="c">1975</subfield></datafield><datafield ind1=" " ind2=" " tag="300"><subfield code="a">VI, 300 S.</subfield><subfield code="b">Fig.</subfield><subfield code="c">21 cm</subfield></datafield><datafield ind1=" " ind2=" " tag="336"><subfield code="b">txt</subfield><subfield code="2">rdacontent</subfield></datafield><datafield ind1=" " ind2=" " tag="337"><subfield code="b">n</subfield><subfield code="2">rdamedia</subfield></datafield><datafield ind1=" " ind2=" " tag="338"><subfield code="b">nc</subfield><subfield code="2">rdacarrier</subfield></datafield><datafield ind1="1" ind2=" " tag="490"><subfield code="a">Europäische Hochschulschriften. Reihe 5, Volks- und Betriebswirtschaft</subfield><subfield code="v">Bd. 112</subfield></datafield><datafield ind1=" " ind2=" " tag="502"><subfield code="a">Diss. Rechts- und Wirtschaftswissenschaftl. Fak., Univ. des Saarlandes [Saarbrücken,] 1975</subfield></datafield><datafield ind1=" " ind2=" " tag="520"><subfield code="a">EDV-Markt, multinationale Unternehmung, Konzern, Forschung, Entwicklung, Organisation, Führung.</subfield><subfield code="5">IDSBB/B429</subfield></datafield><datafield ind1="2" ind2="7" tag="610"><subfield code="a">International Business Machines</subfield><subfield code="0">(RERO)A009999265</subfield><subfield code="2">rero</subfield></datafield><datafield ind1="2" ind2="7" tag="610"><subfield code="a">IBM Corporation</subfield><subfield code="0">(DE-588)1042-X</subfield><subfield code="2">gnd</subfield></datafield><datafield ind1="2" ind2="0" tag="610"><subfield code="a">International Business Machines Corporation</subfield><subfield code="x">History</subfield></datafield><datafield ind1=" " ind2="7" tag="650"><subfield code="a">Informatique</subfield><subfield code="0">(IDREF)027234886</subfield><subfield code="2">idref</subfield></datafield><datafield ind1=" " ind2="7" tag="650"><subfield code="a">Marchés (économie politique)</subfield><subfield code="0">(IDREF)171379500</subfield><subfield code="2">idref</subfield></datafield><datafield ind1=" " ind2="7" tag="650"><subfield code="a">Computermarkt</subfield><subfield code="0">(DE-588)4113238-5</subfield><subfield code="2">gnd</subfield></datafield><datafield ind1=" " ind2="7" tag="650"><subfield code="a">IBM</subfield><subfield code="g">Marke</subfield><subfield code="0">(DE-588)4129657-6</subfield><subfield code="2">gnd</subfield></datafield><datafield ind1=" " ind2="0" tag="650"><subfield code="a">Electronic office machines</subfield></datafield><datafield ind1=" " ind2="7" tag="651"><subfield code="a">États-Unis</subfield><subfield code="0">(IDREF)027225488</subfield><subfield code="2">idref</subfield></datafield><datafield ind1=" " ind2="7" tag="651"><subfield code="a">Amerika</subfield><subfield code="0">(DE-588)4001670-5</subfield><subfield code="2">gnd</subfield></datafield><datafield ind1=" " ind2="7" tag="655"><subfield code="a">Hochschulschrift</subfield><subfield code="2">gnd-content</subfield></datafield><datafield ind1=" " ind2=" " tag="830"><subfield code="a">Europäische Hochschulschriften</subfield><subfield code="p">Reihe 5, Volks- und Betriebswirtschaft</subfield><subfield code="v">112</subfield><subfield code="w">(NEBIS)000058244EBI01</subfield></datafield><datafield ind1=" " ind2=" " tag="900"><subfield code="a">REROnoselfmerge</subfield></datafield><datafield ind1=" " ind2=" " tag="900"><subfield code="a">IDSZRMedeaZBZ</subfield><subfield code="b">IDSZRSWK</subfield></datafield></record>
</metadata></record>