<record><header><identifier>oai:alma.41SLSP_UGE:991000009349705502</identifier><datestamp>2024-10-31T01:11:21Z</datestamp><setSpec>uge_bcen_RapidILL_BOOK</setSpec><setSpec>uge_aaca_RapidILL_BOOK</setSpec><setSpec>uge_abels_RapidILL_BOOK</setSpec><setSpec>uge_dbu_RapidILL_BOOK</setSpec><setSpec>uge_cmu_RapidILL_BOOK</setSpec><setSpec>uge_mail_RapidILL_BOOK</setSpec><setSpec>uge_abbat_RapidILL_BOOK</setSpec><setSpec>UNIGE_ALL</setSpec><setSpec>uge_aobs_RapidILL_BOOK</setSpec><setSpec>uge_acar_RapidILL_BOOK</setSpec></header><metadata>
<record xmlns="http://www.loc.gov/MARC21/slim" xmlns:xsi="http://www.w3.org/2001/XMLSchema-instance" xsi:schemaLocation="http://www.loc.gov/MARC21/slim http://www.loc.gov/standards/marcxml/schema/MARC21slim.xsd"><leader>01425nam a2200337 c 4500</leader><controlfield tag="001">991000009349705502</controlfield><controlfield tag="005">20241030171654.0</controlfield><controlfield tag="008">010531m17841787fr ||||| |||| 00| ||fre d</controlfield><datafield ind1=" " ind2=" " tag="035"><subfield code="a">(swissbib)096852445-41slsp_network</subfield></datafield><datafield ind1=" " ind2=" " tag="035"><subfield code="a">096852445</subfield><subfield code="9">ExL</subfield></datafield><datafield ind1=" " ind2=" " tag="035"><subfield code="a">(RERO)R003046032-41slsp</subfield></datafield><datafield ind1=" " ind2=" " tag="035"><subfield code="a">(EXLNZ-41SLSP_NETWORK)991146292709705501</subfield></datafield><datafield ind1=" " ind2=" " tag="040"><subfield code="a">RERO gevbpu</subfield><subfield code="d">CH-ZuSLS</subfield></datafield><datafield ind1=" " ind2="7" tag="072"><subfield code="a">se</subfield><subfield code="2">rero</subfield></datafield><datafield ind1=" " ind2=" " tag="084"><subfield code="a">318.F</subfield><subfield code="2">brp</subfield></datafield><datafield ind1="0" ind2="0" tag="245"><subfield code="a">Finances</subfield></datafield><datafield ind1=" " ind2="1" tag="264"><subfield code="a">A Paris</subfield><subfield code="b">chez Panckoucke...</subfield><subfield code="a">à Liège</subfield><subfield code="b">chez Plomteux...</subfield><subfield code="c">1784-1787</subfield></datafield><datafield ind1=" " ind2=" " tag="300"><subfield code="a">3 vol.</subfield><subfield code="c">4°</subfield></datafield><datafield ind1=" " ind2=" " tag="336"><subfield code="b">txt</subfield><subfield code="2">rdacontent</subfield></datafield><datafield ind1=" " ind2=" " tag="337"><subfield code="b">n</subfield><subfield code="2">rdamedia</subfield></datafield><datafield ind1=" " ind2=" " tag="338"><subfield code="b">nc</subfield><subfield code="2">rdacarrier</subfield></datafield><datafield ind1="1" ind2=" " tag="490"><subfield code="a">Encyclopédie méthodique</subfield><subfield code="v">[88-90]</subfield></datafield><datafield ind1="0" ind2=" " tag="505"><subfield code="a">T. 1: [Abonnement-Duplicata]. - 1784. - LX, 685 p.</subfield></datafield><datafield ind1="0" ind2=" " tag="505"><subfield code="a">T. 2: [Eaux de mer-Lyon]. - 1785. - 787 p.</subfield></datafield><datafield ind1="0" ind2=" " tag="505"><subfield code="a">T. 3: [Magasin (droit de)-Yvetot]. - 1787. - 797, XVII, III, IV, IV p.</subfield></datafield><datafield ind1="0" ind2="8" tag="776"><subfield code="i">Publié également comme</subfield><subfield code="n">édition en ligne</subfield><subfield code="t">Finances</subfield><subfield code="w">991171972817205501</subfield></datafield><datafield ind1=" " ind2=" " tag="830"><subfield code="a">Encyclopédie méthodique ou par ordre de matières</subfield><subfield code="v">88-90</subfield><subfield code="w">(RERO)R260660360-41slsp</subfield></datafield><datafield ind1="4" ind2="1" tag="856"><subfield code="u">http://books.google.ch/books?vid=BCULVD2430831</subfield><subfield code="z">t. 1</subfield><subfield code="z">Googlos 2007-2009</subfield></datafield><datafield ind1="4" ind2="1" tag="856"><subfield code="u">http://books.google.ch/books?vid=BCULVD2430832</subfield><subfield code="z">t. 2/1</subfield><subfield code="z">Googlos 2007-2009</subfield></datafield><datafield ind1="4" ind2="1" tag="856"><subfield code="u">http://books.google.ch/books?vid=BCULVD2430833</subfield><subfield code="z">t. 2/2</subfield><subfield code="z">Googlos 2007-2009</subfield></datafield><datafield ind1="4" ind2="1" tag="856"><subfield code="u">http://books.google.ch/books?vid=BCULVD2430834</subfield><subfield code="z">t. 3</subfield><subfield code="z">Googlos 2007-2009</subfield></datafield><datafield ind1=" " ind2=" " tag="900"><subfield code="a">REROswissbibnomerge</subfield></datafield></record>
</metadata></record>