<record><header><identifier>oai:alma.41SLSP_UGE:991000009659705502</identifier><datestamp>2023-03-31T00:22:22Z</datestamp><setSpec>uge_bcen_RapidILL_BOOK</setSpec><setSpec>uge_aaca_RapidILL_BOOK</setSpec><setSpec>uge_abels_RapidILL_BOOK</setSpec><setSpec>uge_dbu_RapidILL_BOOK</setSpec><setSpec>uge_cmu_RapidILL_BOOK</setSpec><setSpec>uge_mail_RapidILL_BOOK</setSpec><setSpec>uge_abbat_RapidILL_BOOK</setSpec><setSpec>UNIGE_ALL</setSpec><setSpec>uge_acar_RapidILL_BOOK</setSpec><setSpec>uge_aobs_RapidILL_BOOK</setSpec></header><metadata>
<record xmlns="http://www.loc.gov/MARC21/slim" xmlns:xsi="http://www.w3.org/2001/XMLSchema-instance" xsi:schemaLocation="http://www.loc.gov/MARC21/slim http://www.loc.gov/standards/marcxml/schema/MARC21slim.xsd"><leader>02972nam a2200745 c 4500</leader><controlfield tag="001">991000009659705502</controlfield><controlfield tag="005">20230330221046.0</controlfield><controlfield tag="008">201011s2001    gw       m    00| | ger  </controlfield><datafield ind1=" " ind2=" " tag="015"><subfield code="a">GFR-CIP-00,N42,0597</subfield><subfield code="a">DNB-01,A06,1703</subfield></datafield><datafield ind1="7" ind2=" " tag="016"><subfield code="a">959692037</subfield><subfield code="2">GyFmDB</subfield></datafield><datafield ind1=" " ind2=" " tag="020"><subfield code="a">3598776756</subfield><subfield code="c">Gewebe : DM 158.00</subfield></datafield><datafield ind1=" " ind2=" " tag="020"><subfield code="a">3598776888</subfield><subfield code="q">CIP</subfield></datafield><datafield ind1=" " ind2=" " tag="035"><subfield code="a">(swissbib)221994025-41slsp_network</subfield></datafield><datafield ind1=" " ind2=" " tag="035"><subfield code="a">221994025</subfield><subfield code="9">ExL</subfield></datafield><datafield ind1=" " ind2=" " tag="035"><subfield code="a">(NEBIS)004111890EBI01</subfield></datafield><datafield ind1=" " ind2=" " tag="035"><subfield code="a">(IDSBB)002220508DSV01</subfield></datafield><datafield ind1=" " ind2=" " tag="035"><subfield code="a">(RERO)R279805260-41slsp</subfield></datafield><datafield ind1=" " ind2=" " tag="035"><subfield code="a">(EXLNZ-41SLSP_NETWORK)991050122079705501</subfield></datafield><datafield ind1=" " ind2=" " tag="040"><subfield code="a">DDB</subfield><subfield code="d">CH-ZuSLS</subfield></datafield><datafield ind1=" " ind2="7" tag="072"><subfield code="a">kp</subfield><subfield code="2">SzZuIDS BS/BE</subfield></datafield><datafield ind1=" " ind2="7" tag="072"><subfield code="a">gr</subfield><subfield code="2">rero</subfield></datafield><datafield ind1="0" ind2="0" tag="082"><subfield code="a">882/.010917</subfield><subfield code="2">21</subfield></datafield><datafield ind1="0" ind2="4" tag="082"><subfield code="a">882.01</subfield></datafield><datafield ind1=" " ind2=" " tag="084"><subfield code="a">FE 4601</subfield><subfield code="2">rvk</subfield></datafield><datafield ind1=" " ind2=" " tag="084"><subfield code="a">FH 26553</subfield><subfield code="2">rvk</subfield></datafield><datafield ind1=" " ind2=" " tag="084"><subfield code="a">FH 26580</subfield><subfield code="2">rvk</subfield></datafield><datafield ind1=" " ind2=" " tag="084"><subfield code="a">NH 1623</subfield><subfield code="2">rvk</subfield></datafield><datafield ind1="1" ind2=" " tag="100"><subfield code="6">880-01</subfield><subfield code="a">Bierl, Anton</subfield><subfield code="d">1960-....</subfield><subfield code="0">(IDREF)03104736X</subfield><subfield code="4">cre</subfield></datafield><datafield ind1="1" ind2=" " tag="880"><subfield code="a">Bierl, Anton</subfield><subfield code="d">1960-</subfield><subfield code="0">(DE-588)112715036</subfield><subfield code="6">100-01</subfield></datafield><datafield ind1="1" ind2="0" tag="245"><subfield code="a">&lt;&lt;Der&gt;&gt; Chor in der alten Komödie</subfield><subfield code="b">Ritual und Performativität : (unter besonderer Berücksichtigung von Aristophanes' Thesmophoriazusen und der Phalloslieder fr. 851 PMG)</subfield><subfield code="c">von Anton Bierl</subfield></datafield><datafield ind1=" " ind2="1" tag="264"><subfield code="a">München</subfield><subfield code="b">Saur</subfield><subfield code="c">2001</subfield></datafield><datafield ind1=" " ind2=" " tag="300"><subfield code="a">457 p.</subfield><subfield code="c">24 cm</subfield></datafield><datafield ind1=" " ind2=" " tag="336"><subfield code="b">txt</subfield><subfield code="2">rdacontent</subfield></datafield><datafield ind1=" " ind2=" " tag="337"><subfield code="b">n</subfield><subfield code="2">rdamedia</subfield></datafield><datafield ind1=" " ind2=" " tag="338"><subfield code="b">nc</subfield><subfield code="2">rdacarrier</subfield></datafield><datafield ind1="1" ind2=" " tag="490"><subfield code="a">Beiträge zur Altertumskunde</subfield><subfield code="v">Band 126</subfield></datafield><datafield ind1=" " ind2=" " tag="502"><subfield code="a">Zugl.: Leipzig, Univ., Habil.-Schr., 1999</subfield></datafield><datafield ind1="0" ind2="7" tag="600"><subfield code="a">Aristophanes</subfield><subfield code="x">Chor</subfield><subfield code="t">Thesmophoriazusae</subfield><subfield code="2">swd</subfield></datafield><datafield ind1="0" ind2="7" tag="600"><subfield code="a">Aristophanes</subfield><subfield code="d">v445-v385</subfield><subfield code="t">Thesmophoriazusae</subfield><subfield code="0">(DE-588)4324410-5</subfield><subfield code="2">gnd</subfield></datafield><datafield ind1="0" ind2="0" tag="600"><subfield code="a">Aristophanes</subfield><subfield code="t">Thesmophoriazusae</subfield><subfield code="x">Chor</subfield></datafield><datafield ind1="0" ind2="0" tag="600"><subfield code="a">Aristophanes</subfield><subfield code="x">Criticism and interpretation</subfield></datafield><datafield ind1="0" ind2="0" tag="600"><subfield code="a">Dionysus</subfield><subfield code="c">Greek deity</subfield><subfield code="x">In literature</subfield></datafield><datafield ind1="0" ind2="7" tag="600"><subfield code="a">Aristophanes</subfield><subfield code="x">Thesmophoriazusae</subfield><subfield code="2">idsbb</subfield></datafield><datafield ind1="0" ind2="7" tag="600"><subfield code="a">Aristophane.</subfield><subfield code="t">Les Thesmophories</subfield><subfield code="0">(RERO)A010045147</subfield><subfield code="2">rero</subfield></datafield><datafield ind1="0" ind2="0" tag="600"><subfield code="6">880-01</subfield><subfield code="a">Aristophanes</subfield><subfield code="t">Thesmophoriazusae</subfield></datafield><datafield ind1=" " ind2="7" tag="650"><subfield code="a">Chor</subfield><subfield code="0">(DE-588)4010045-5</subfield><subfield code="2">gnd</subfield></datafield><datafield ind1=" " ind2="7" tag="650"><subfield code="a">Griechisch</subfield><subfield code="0">(DE-588)4113791-7</subfield><subfield code="2">gnd</subfield></datafield><datafield ind1=" " ind2="7" tag="650"><subfield code="a">Komödie</subfield><subfield code="0">(DE-588)4031952-0</subfield><subfield code="2">gnd</subfield></datafield><datafield ind1=" " ind2="7" tag="650"><subfield code="a">Performance</subfield><subfield code="g">Künste</subfield><subfield code="0">(DE-588)4173750-7</subfield><subfield code="2">gnd</subfield></datafield><datafield ind1=" " ind2="7" tag="650"><subfield code="a">Phallus</subfield><subfield code="g">Motiv</subfield><subfield code="0">(DE-588)4316186-8</subfield><subfield code="2">gnd</subfield></datafield><datafield ind1=" " ind2="7" tag="650"><subfield code="a">Ritual</subfield><subfield code="0">(DE-588)4050164-4</subfield><subfield code="2">gnd</subfield></datafield><datafield ind1=" " ind2="7" tag="650"><subfield code="a">Chor</subfield><subfield code="2">idszbz</subfield></datafield><datafield ind1=" " ind2="7" tag="650"><subfield code="a">Griechisch</subfield><subfield code="2">idszbz</subfield></datafield><datafield ind1=" " ind2="7" tag="650"><subfield code="a">Komödie</subfield><subfield code="2">idszbz</subfield></datafield><datafield ind1=" " ind2="0" tag="650"><subfield code="a">Drama</subfield><subfield code="x">Chorus (Greek drama)</subfield></datafield><datafield ind1=" " ind2="0" tag="650"><subfield code="a">Greek drama (Comedy)</subfield><subfield code="x">History and criticism</subfield></datafield><datafield ind1=" " ind2="0" tag="650"><subfield code="a">Phallicism in literature</subfield></datafield><datafield ind1=" " ind2="7" tag="650"><subfield code="a">Komödie</subfield><subfield code="z">griechische</subfield><subfield code="x">Chor</subfield><subfield code="2">idsbb</subfield></datafield><datafield ind1=" " ind2="7" tag="650"><subfield code="a">Chor</subfield><subfield code="x">Komödie</subfield><subfield code="z">griechische</subfield><subfield code="2">idsbb</subfield></datafield><datafield ind1=" " ind2="7" tag="650"><subfield code="a">Choeurs (musique)</subfield><subfield code="0">(IDREF)027829758</subfield><subfield code="2">idref</subfield></datafield><datafield ind1=" " ind2="7" tag="650"><subfield code="a">Comédie grecque</subfield><subfield code="0">(IDREF)028243609</subfield><subfield code="2">idref</subfield></datafield><datafield ind1=" " ind2="7" tag="651"><subfield code="a">Griechisch</subfield><subfield code="x">Komödie</subfield><subfield code="x">Chor</subfield><subfield code="x">Ritual</subfield><subfield code="x">Performance Kunst</subfield><subfield code="x">Phallus Motiv</subfield><subfield code="2">swd</subfield></datafield><datafield ind1=" " ind2="7" tag="655"><subfield code="a">Hochschulschrift</subfield><subfield code="2">gnd-content</subfield></datafield><datafield ind1=" " ind2=" " tag="830"><subfield code="a">Beiträge zur Altertumskunde</subfield><subfield code="v">126</subfield><subfield code="w">(NEBIS)000992861EBI01</subfield></datafield><datafield ind1=" " ind2=" " tag="900"><subfield code="a">IDSZ2zbzmon200106f</subfield><subfield code="c">IDSZ2kobe</subfield><subfield code="d">IDSZ2zbzswk200106b</subfield><subfield code="e">IDSZ2leuu</subfield></datafield><datafield ind1=" " ind2=" " tag="900"><subfield code="a">REROnoselfmerge</subfield></datafield></record>
</metadata></record>