<record><header><identifier>oai:alma.41SLSP_UGE:991000009969705502</identifier><datestamp>2023-07-01T00:21:09Z</datestamp><setSpec>uge_bcen_RapidILL_BOOK</setSpec><setSpec>uge_aaca_RapidILL_BOOK</setSpec><setSpec>uge_abels_RapidILL_BOOK</setSpec><setSpec>uge_dbu_RapidILL_BOOK</setSpec><setSpec>uge_cmu_RapidILL_BOOK</setSpec><setSpec>uge_mail_RapidILL_BOOK</setSpec><setSpec>uge_abbat_RapidILL_BOOK</setSpec><setSpec>UNIGE_ALL</setSpec><setSpec>uge_acar_RapidILL_BOOK</setSpec><setSpec>uge_aobs_RapidILL_BOOK</setSpec></header><metadata>
<record xmlns="http://www.loc.gov/MARC21/slim" xmlns:xsi="http://www.w3.org/2001/XMLSchema-instance" xsi:schemaLocation="http://www.loc.gov/MARC21/slim http://www.loc.gov/standards/marcxml/schema/MARC21slim.xsd"><leader>02888nam a2200649 c 4500</leader><controlfield tag="001">991000009969705502</controlfield><controlfield tag="005">20230630124233.0</controlfield><controlfield tag="008">201011s2001    xxu||||| |||| 00| ||eng d</controlfield><datafield ind1=" " ind2=" " tag="010"><subfield code="a">2001002128</subfield></datafield><datafield ind1=" " ind2=" " tag="015"><subfield code="a">GBA1-V3609</subfield></datafield><datafield ind1=" " ind2=" " tag="020"><subfield code="a">0226074277</subfield><subfield code="q">pbk.</subfield><subfield code="c">£13.00</subfield></datafield><datafield ind1=" " ind2=" " tag="020"><subfield code="a">0226074269</subfield><subfield code="c">(alk. paper)</subfield></datafield><datafield ind1=" " ind2=" " tag="035"><subfield code="a">(swissbib)223642916-41slsp_network</subfield></datafield><datafield ind1=" " ind2=" " tag="035"><subfield code="a">223642916</subfield><subfield code="9">ExL</subfield></datafield><datafield ind1=" " ind2=" " tag="035"><subfield code="a">(RERO)R003203080-41slsp</subfield></datafield><datafield ind1=" " ind2=" " tag="035"><subfield code="a">(IDSSG)000253130HSB01</subfield></datafield><datafield ind1=" " ind2=" " tag="035"><subfield code="a">(IDSBB)002630387DSV01</subfield></datafield><datafield ind1=" " ind2=" " tag="035"><subfield code="a">(NEBIS)004351772EBI01</subfield></datafield><datafield ind1=" " ind2=" " tag="035"><subfield code="a">(EXLNZ-41SLSP_NETWORK)991102036679705501</subfield></datafield><datafield ind1=" " ind2=" " tag="040"><subfield code="a">RERO labcud</subfield><subfield code="d">CH-ZuSLS</subfield></datafield><datafield ind1=" " ind2=" " tag="050"><subfield code="a">PR9272.9.W3</subfield><subfield code="b">Z545 2001</subfield></datafield><datafield ind1=" " ind2="7" tag="072"><subfield code="a">an</subfield><subfield code="2">rero</subfield></datafield><datafield ind1=" " ind2="7" tag="072"><subfield code="a">le</subfield><subfield code="2">SzZuIDS BS/BE</subfield></datafield><datafield ind1="0" ind2="0" tag="082"><subfield code="a">811/.54</subfield><subfield code="2">21</subfield></datafield><datafield ind1="0" ind2="4" tag="082"><subfield code="a">811 .54</subfield><subfield code="2">21</subfield></datafield><datafield ind1="0" ind2="4" tag="082"><subfield code="a">821</subfield><subfield code="2">21</subfield></datafield><datafield ind1="0" ind2="4" tag="082"><subfield code="a">811</subfield><subfield code="b">.54</subfield><subfield code="2">21</subfield></datafield><datafield ind1="1" ind2="4" tag="082"><subfield code="a">811.54</subfield><subfield code="2">21</subfield></datafield><datafield ind1=" " ind2=" " tag="084"><subfield code="a">HQ 7941</subfield><subfield code="2">rvk</subfield></datafield><datafield ind1="1" ind2=" " tag="100"><subfield code="a">Breslin, Paul</subfield><subfield code="0">(RERO)A003041630</subfield><subfield code="4">cre</subfield></datafield><datafield ind1="1" ind2="0" tag="245"><subfield code="a">Nobody's nation</subfield><subfield code="b">reading Derek Walcott</subfield><subfield code="c">Paul Breslin</subfield></datafield><datafield ind1=" " ind2="1" tag="264"><subfield code="a">Chicago [etc.]</subfield><subfield code="b">The University of Chicago Press</subfield><subfield code="c">[2001]</subfield></datafield><datafield ind1=" " ind2="4" tag="264"><subfield code="c">© 2001</subfield></datafield><datafield ind1=" " ind2=" " tag="300"><subfield code="a">VIII, 333 p.</subfield><subfield code="c">23 cm</subfield></datafield><datafield ind1=" " ind2=" " tag="336"><subfield code="b">txt</subfield><subfield code="2">rdacontent</subfield></datafield><datafield ind1=" " ind2=" " tag="337"><subfield code="b">n</subfield><subfield code="2">rdamedia</subfield></datafield><datafield ind1=" " ind2=" " tag="338"><subfield code="b">nc</subfield><subfield code="2">rdacarrier</subfield></datafield><datafield ind1=" " ind2=" " tag="504"><subfield code="a">Includes index.</subfield></datafield><datafield ind1="1" ind2="7" tag="600"><subfield code="a">Walcott, Derek</subfield><subfield code="d">1930-2017</subfield><subfield code="0">(IDREF)028460871</subfield><subfield code="2">idref</subfield></datafield><datafield ind1="1" ind2="7" tag="600"><subfield code="a">Walcott, Derek</subfield><subfield code="2">idsbb</subfield></datafield><datafield ind1="1" ind2="7" tag="600"><subfield code="a">Walcott, Derek</subfield><subfield code="d">1930-2017</subfield><subfield code="0">(DE-588)118805940</subfield><subfield code="2">gnd</subfield></datafield><datafield ind1="1" ind2="0" tag="600"><subfield code="a">Walcott, Derek</subfield><subfield code="x">Knowledge</subfield><subfield code="x">History</subfield></datafield><datafield ind1="1" ind2="7" tag="600"><subfield code="a">Walcott, Derek</subfield><subfield code="2">idszbz</subfield></datafield><datafield ind1="1" ind2="0" tag="600"><subfield code="a">Walcott, Derek</subfield></datafield><datafield ind1=" " ind2="7" tag="650"><subfield code="a">Entkolonialisierung</subfield><subfield code="0">(DE-588)4070860-3</subfield><subfield code="2">gnd</subfield></datafield><datafield ind1=" " ind2="0" tag="650"><subfield code="a">Literature and history</subfield><subfield code="z">West Indies</subfield><subfield code="x">History</subfield><subfield code="y">20th century</subfield></datafield><datafield ind1=" " ind2="0" tag="650"><subfield code="a">Postcolonialism</subfield><subfield code="z">West Indies</subfield></datafield><datafield ind1=" " ind2="0" tag="650"><subfield code="a">Decolonization in literature</subfield></datafield><datafield ind1=" " ind2="7" tag="650"><subfield code="a">Werk</subfield><subfield code="2">idszbz</subfield></datafield><datafield ind1=" " ind2="7" tag="651"><subfield code="a">Westindien</subfield><subfield code="0">(DE-588)4079228-6</subfield><subfield code="2">gnd</subfield></datafield><datafield ind1=" " ind2="0" tag="651"><subfield code="a">West Indies</subfield><subfield code="x">In literature</subfield></datafield><datafield ind1=" " ind2=" " tag="690"><subfield code="a">Memory; Dämmerung; Einleitung; Meinung; Chicago; Dream; Terre; Gedicht; Poesie; Seine; Adam; Affe; Aufzeichnung; Epilog; Index; Jamaika; Nation; Post; Schriftsteller</subfield><subfield code="2">idssg-J</subfield></datafield><datafield ind1=" " ind2=" " tag="690"><subfield code="a">1980er Jahr; episch Amnesia; früher Henri; frühes Gedicht; gerechte Beurteilung; homerisch Derek; junger Dramatiker</subfield><subfield code="2">idssg-J</subfield></datafield><datafield ind1=" " ind2=" " tag="690"><subfield code="a">Vereinigte Staaten C1USA; Großbritannien C4EUUK; Frankreich C4EUFR; Jamaika C5JAMA</subfield><subfield code="2">idssg-J</subfield></datafield><datafield ind1=" " ind2=" " tag="690"><subfield code="a">Adam Amnesia The Uses of Memory; Alternate Voices; Amnesia Healing; Amnesia The Uses of; Another Life West Indian Experience; Breslin The University of; Dark Sea; Dead Ends; Derek Sans Terre; Derek The Bounty; Derek Walcott Paul Breslin The University of Chicago; Green Anfänge Dream; Henri Christophe; Schooner Flight; Tiepolo Hound; Walcott Aufzeichnungen Index</subfield><subfield code="2">idssg-J</subfield></datafield><datafield ind1="4" ind2=" " tag="856"><subfield code="u">https://tools.unisg.ch/url/hm00058778</subfield><subfield code="z">Inhaltsverzeichnis</subfield></datafield><datafield ind1=" " ind2=" " tag="900"><subfield code="a">IDSZ2zbzmon200210f</subfield><subfield code="c">IDSZ2suse</subfield><subfield code="d">IDSZ2zbzswk200212b</subfield><subfield code="e">IDSZ2stor</subfield></datafield><datafield ind1=" " ind2=" " tag="949"><subfield code="a">https://tools.unisg.ch/url/hm00058778</subfield></datafield></record>
</metadata></record>