<record><header><identifier>oai:alma.41SLSP_UGE:991000009759705502</identifier><datestamp>2023-03-01T01:08:51Z</datestamp><setSpec>uge_bcen_RapidILL_BOOK</setSpec><setSpec>uge_aaca_RapidILL_BOOK</setSpec><setSpec>uge_abels_RapidILL_BOOK</setSpec><setSpec>uge_dbu_RapidILL_BOOK</setSpec><setSpec>uge_cmu_RapidILL_BOOK</setSpec><setSpec>uge_mail_RapidILL_BOOK</setSpec><setSpec>UNIGE_ALL</setSpec><setSpec>uge_abbat_RapidILL_BOOK</setSpec><setSpec>uge_aobs_RapidILL_BOOK</setSpec><setSpec>uge_acar_RapidILL_BOOK</setSpec></header><metadata>
<record xmlns="http://www.loc.gov/MARC21/slim" xmlns:xsi="http://www.w3.org/2001/XMLSchema-instance" xsi:schemaLocation="http://www.loc.gov/MARC21/slim http://www.loc.gov/standards/marcxml/schema/MARC21slim.xsd"><leader>01576nam a2200313 c 4500</leader><controlfield tag="001">991000009759705502</controlfield><controlfield tag="005">20201222233608.0</controlfield><controlfield tag="008">120822s1991    sp ||||| |||| 00| ||spa d</controlfield><datafield ind1=" " ind2=" " tag="020"><subfield code="a">8474837588</subfield></datafield><datafield ind1="7" ind2=" " tag="024"><subfield code="a">http://catalogue.bnf.fr/ark:/12148/cb36656241v</subfield><subfield code="2">uri</subfield></datafield><datafield ind1=" " ind2=" " tag="035"><subfield code="a">(swissbib)116313463-41slsp_network</subfield></datafield><datafield ind1=" " ind2=" " tag="035"><subfield code="a">116313463</subfield><subfield code="9">ExL</subfield></datafield><datafield ind1=" " ind2=" " tag="035"><subfield code="a">(RERO)R007126959-41slsp</subfield></datafield><datafield ind1=" " ind2=" " tag="035"><subfield code="a">(EXLNZ-41SLSP_NETWORK)991147350639705501</subfield></datafield><datafield ind1=" " ind2=" " tag="040"><subfield code="a">FRBNF</subfield><subfield code="d">CH-ZuSLS</subfield></datafield><datafield ind1="0" ind2=" " tag="041"><subfield code="a">cat</subfield><subfield code="a">eng</subfield><subfield code="a">fre</subfield><subfield code="a">spa</subfield></datafield><datafield ind1=" " ind2="7" tag="072"><subfield code="a">ha</subfield><subfield code="2">rero</subfield></datafield><datafield ind1="0" ind2="0" tag="245"><subfield code="a">Historiografía de la arqueología y de la historia antigua en España (siglos XVIII-XX)</subfield><subfield code="b">congreso internacional, Madrid, 13-16 diciembre 1988</subfield><subfield code="c">coord. Javier Arce y Ricardo Olmos ; organizado por el Departamento de historia antigua y arqueología, Centro de estudios históricos del CSIC</subfield></datafield><datafield ind1=" " ind2="1" tag="264"><subfield code="a">Madrid</subfield><subfield code="b">Ministerio de cultura, Dirección general de bellas artes y archivos, Instituto de conservación y restauración de bienes culturales</subfield><subfield code="c">1991</subfield></datafield><datafield ind1=" " ind2=" " tag="300"><subfield code="a">275 p.</subfield><subfield code="b">ill.</subfield><subfield code="c">29 cm</subfield></datafield><datafield ind1=" " ind2=" " tag="336"><subfield code="b">txt</subfield><subfield code="2">rdacontent</subfield></datafield><datafield ind1=" " ind2=" " tag="337"><subfield code="b">n</subfield><subfield code="2">rdamedia</subfield></datafield><datafield ind1=" " ind2=" " tag="338"><subfield code="b">nc</subfield><subfield code="2">rdacarrier</subfield></datafield><datafield ind1=" " ind2=" " tag="500"><subfield code="a">Communications en catalan, anglais, français, espagnol</subfield></datafield><datafield ind1="1" ind2=" " tag="700"><subfield code="a">Arce, Javier</subfield><subfield code="d">1945-....</subfield><subfield code="0">(IDREF)029367611</subfield></datafield><datafield ind1="1" ind2=" " tag="700"><subfield code="a">Olmos, Ricardo</subfield><subfield code="d">1946-....</subfield><subfield code="0">(IDREF)029177340</subfield></datafield><datafield ind1="2" ind2=" " tag="710"><subfield code="a">Instituto de conservación y restauración de bienes culturales</subfield><subfield code="g">Espagne</subfield><subfield code="0">(IDREF)030687284</subfield></datafield><datafield ind1="2" ind2=" " tag="710"><subfield code="a">Centro de Estudios Históricos (Madrid)</subfield><subfield code="b">Departamento de Historia Antigua y Arqueología</subfield><subfield code="b">Congreso Internacional</subfield><subfield code="d">1988</subfield><subfield code="c">Madrid</subfield><subfield code="0">(RERO)A021980902</subfield></datafield><datafield ind1=" " ind2=" " tag="900"><subfield code="a">REROnoselfmerge</subfield></datafield><datafield ind1=" " ind2=" " tag="910"><subfield code="a">BNF</subfield><subfield code="b">20120822</subfield><subfield code="c">Droits réservés</subfield></datafield></record>
</metadata></record>