<record><header><identifier>oai:alma.41SLSP_UGE:991000010199705502</identifier><datestamp>2023-03-01T01:08:51Z</datestamp><setSpec>uge_bcen_RapidILL_BOOK</setSpec><setSpec>uge_aaca_RapidILL_BOOK</setSpec><setSpec>uge_abels_RapidILL_BOOK</setSpec><setSpec>uge_dbu_RapidILL_BOOK</setSpec><setSpec>uge_cmu_RapidILL_BOOK</setSpec><setSpec>uge_mail_RapidILL_BOOK</setSpec><setSpec>UNIGE_ALL</setSpec><setSpec>uge_abbat_RapidILL_BOOK</setSpec><setSpec>uge_aobs_RapidILL_BOOK</setSpec><setSpec>uge_acar_RapidILL_BOOK</setSpec></header><metadata>
<record xmlns="http://www.loc.gov/MARC21/slim" xmlns:xsi="http://www.w3.org/2001/XMLSchema-instance" xsi:schemaLocation="http://www.loc.gov/MARC21/slim http://www.loc.gov/standards/marcxml/schema/MARC21slim.xsd"><leader>01554nam a2200373 c 4500</leader><controlfield tag="001">991000010199705502</controlfield><controlfield tag="005">20230122170403.0</controlfield><controlfield tag="008">201011s1967    fr ||||| |||| 00| ||fre d</controlfield><datafield ind1="7" ind2=" " tag="024"><subfield code="a">http://catalogue.bnf.fr/ark:/12148/cb331590632</subfield><subfield code="2">uri</subfield></datafield><datafield ind1=" " ind2=" " tag="035"><subfield code="a">(swissbib)221238360-41slsp_network</subfield></datafield><datafield ind1=" " ind2=" " tag="035"><subfield code="a">221238360</subfield><subfield code="9">ExL</subfield></datafield><datafield ind1=" " ind2=" " tag="035"><subfield code="a">(RERO)2275892-41slsp</subfield></datafield><datafield ind1=" " ind2=" " tag="035"><subfield code="a">(NEBIS)002899072EBI01</subfield></datafield><datafield ind1=" " ind2=" " tag="035"><subfield code="a">(EXLNZ-41SLSP_NETWORK)991024039169705501</subfield></datafield><datafield ind1=" " ind2=" " tag="040"><subfield code="a">RERO lascl-</subfield><subfield code="d">CH-ZuSLS</subfield></datafield><datafield ind1=" " ind2="7" tag="072"><subfield code="a">td</subfield><subfield code="2">rero</subfield></datafield><datafield ind1=" " ind2="7" tag="072"><subfield code="a">ps</subfield><subfield code="2">rero</subfield></datafield><datafield ind1="0" ind2="4" tag="082"><subfield code="a">155.4/12</subfield></datafield><datafield ind1="1" ind2=" " tag="100"><subfield code="a">Rossel, Germaine</subfield><subfield code="d">19..-....</subfield><subfield code="0">(IDREF)130353035</subfield><subfield code="4">cre</subfield></datafield><datafield ind1="1" ind2="0" tag="245"><subfield code="a">Manuel d'éducation psycho-motrice</subfield><subfield code="b">pour enfants de cinq à dix ans d'âge mental...</subfield><subfield code="c">Germaine Rossel</subfield></datafield><datafield ind1=" " ind2="1" tag="264"><subfield code="a">Paris</subfield><subfield code="b">Masson</subfield><subfield code="c">1967</subfield></datafield><datafield ind1=" " ind2=" " tag="300"><subfield code="a">156 S.</subfield><subfield code="b">Ill.</subfield></datafield><datafield ind1=" " ind2=" " tag="336"><subfield code="b">txt</subfield><subfield code="2">rdacontent</subfield></datafield><datafield ind1=" " ind2=" " tag="337"><subfield code="b">n</subfield><subfield code="2">rdamedia</subfield></datafield><datafield ind1=" " ind2=" " tag="338"><subfield code="b">nc</subfield><subfield code="2">rdacarrier</subfield></datafield><datafield ind1="0" ind2="0" tag="505"><subfield code="t">&lt;&lt;Les&gt;&gt; différents stades psycho-moteurs et leurs caractéristiques</subfield><subfield code="t">&lt;&lt;Les&gt;&gt; techniques éducatives qui s'y rapportent</subfield><subfield code="t">&lt;&lt;Les&gt;&gt; épreuves psycho-motrices déterminant un stade</subfield></datafield><datafield ind1=" " ind2="7" tag="650"><subfield code="a">Éducation psychomotrice</subfield><subfield code="0">(IDREF)027657051</subfield><subfield code="2">idref</subfield></datafield><datafield ind1=" " ind2="7" tag="650"><subfield code="a">Enfants</subfield><subfield code="0">(IDREF)027233278</subfield><subfield code="2">idref</subfield></datafield><datafield ind1=" " ind2="0" tag="650"><subfield code="a">Children</subfield><subfield code="x">Growth</subfield></datafield><datafield ind1=" " ind2="0" tag="650"><subfield code="a">Movement, Psychology of</subfield></datafield><datafield ind1="1" ind2="2" tag="700"><subfield code="a">Rossel, Germaine</subfield><subfield code="t">&lt;&lt;Les&gt;&gt; différents stades psycho-moteurs et leurs caractéristiques</subfield></datafield><datafield ind1="1" ind2="2" tag="700"><subfield code="a">Rossel, Germaine</subfield><subfield code="t">&lt;&lt;Les&gt;&gt; techniques éducatives qui s'y rapportent</subfield></datafield><datafield ind1="1" ind2="2" tag="700"><subfield code="a">Rossel, Germaine</subfield><subfield code="t">&lt;&lt;Les&gt;&gt; épreuves psycho-motrices déterminant un stade</subfield></datafield><datafield ind1=" " ind2=" " tag="900"><subfield code="a">REROnoselfmerge</subfield></datafield><datafield ind1=" " ind2=" " tag="900"><subfield code="a">IDSZRMedeaZBZ</subfield><subfield code="b">IDSZRSWK</subfield></datafield></record>
</metadata></record>