<record><header><identifier>oai:alma.41SLSP_UGE:991000009679705502</identifier><datestamp>2023-03-12T01:08:55Z</datestamp><setSpec>uge_bcen_RapidILL_BOOK</setSpec><setSpec>uge_aaca_RapidILL_BOOK</setSpec><setSpec>uge_abels_RapidILL_BOOK</setSpec><setSpec>uge_dbu_RapidILL_BOOK</setSpec><setSpec>uge_cmu_RapidILL_BOOK</setSpec><setSpec>uge_mail_RapidILL_BOOK</setSpec><setSpec>uge_abbat_RapidILL_BOOK</setSpec><setSpec>UNIGE_ALL</setSpec><setSpec>uge_aobs_RapidILL_BOOK</setSpec><setSpec>uge_acar_RapidILL_BOOK</setSpec></header><metadata>
<record xmlns="http://www.loc.gov/MARC21/slim" xmlns:xsi="http://www.w3.org/2001/XMLSchema-instance" xsi:schemaLocation="http://www.loc.gov/MARC21/slim http://www.loc.gov/standards/marcxml/schema/MARC21slim.xsd"><leader>02091nam a2200517 ca4500</leader><controlfield tag="001">991000009679705502</controlfield><controlfield tag="005">20230311202457.0</controlfield><controlfield tag="008">201011s2000    fr ||||| |||| 00| ||fre d</controlfield><datafield ind1=" " ind2=" " tag="020"><subfield code="a">2877541134</subfield></datafield><datafield ind1="7" ind2=" " tag="024"><subfield code="a">http://catalogue.bnf.fr/ark:/12148/cb37195175r</subfield><subfield code="2">uri</subfield></datafield><datafield ind1=" " ind2=" " tag="035"><subfield code="a">(swissbib)227741080-41slsp_network</subfield></datafield><datafield ind1=" " ind2=" " tag="035"><subfield code="a">227741080</subfield><subfield code="9">ExL</subfield></datafield><datafield ind1=" " ind2=" " tag="035"><subfield code="a">(RERO)R003120116-41slsp</subfield></datafield><datafield ind1=" " ind2=" " tag="035"><subfield code="a">(NEBIS)004089596EBI01</subfield></datafield><datafield ind1=" " ind2=" " tag="035"><subfield code="a">(IDSBB)002279546DSV01</subfield></datafield><datafield ind1=" " ind2=" " tag="035"><subfield code="a">(EXLNZ-41SLSP_NETWORK)991158345039705501</subfield></datafield><datafield ind1=" " ind2=" " tag="040"><subfield code="a">RERO geulsa</subfield><subfield code="d">CH-ZuSLS</subfield></datafield><datafield ind1=" " ind2="7" tag="072"><subfield code="a">ha</subfield><subfield code="2">rero</subfield></datafield><datafield ind1="0" ind2="4" tag="082"><subfield code="a">411.7</subfield></datafield><datafield ind1="1" ind2="4" tag="082"><subfield code="a">493.1</subfield><subfield code="2">22</subfield></datafield><datafield ind1=" " ind2=" " tag="084"><subfield code="a">LE 2550</subfield><subfield code="2">rvk</subfield></datafield><datafield ind1=" " ind2=" " tag="084"><subfield code="a">ND 4050</subfield><subfield code="2">rvk</subfield></datafield><datafield ind1="0" ind2="0" tag="245"><subfield code="a">Répertoire d'épigraphie méroïtique</subfield><subfield code="b">corpus des inscriptions publiées</subfield><subfield code="c">[éd. par] Jean Leclant .... [et al.]</subfield></datafield><datafield ind1=" " ind2="1" tag="264"><subfield code="a">Paris</subfield><subfield code="b">De Boccard</subfield><subfield code="c">2000</subfield></datafield><datafield ind1=" " ind2=" " tag="300"><subfield code="a">3 tomes (2083 S.)</subfield><subfield code="b">Ill.</subfield></datafield><datafield ind1=" " ind2=" " tag="336"><subfield code="b">txt</subfield><subfield code="2">rdacontent</subfield></datafield><datafield ind1=" " ind2=" " tag="337"><subfield code="b">n</subfield><subfield code="2">rdamedia</subfield></datafield><datafield ind1=" " ind2=" " tag="338"><subfield code="b">nc</subfield><subfield code="2">rdacarrier</subfield></datafield><datafield ind1=" " ind2=" " tag="500"><subfield code="a">En tête de la p. de titre: Académie des inscriptions et belles-lettres</subfield></datafield><datafield ind1=" " ind2=" " tag="500"><subfield code="a">Oben auf der Titelseite: Académie des Inscriptions et Belles-Lettres</subfield></datafield><datafield ind1=" " ind2=" " tag="500"><subfield code="a">Am Kopf der Titelseite: Académie des inscriptions et belles-lettres</subfield></datafield><datafield ind1="0" ind2=" " tag="505"><subfield code="a">T. 1: REM 0001 à REM 0387</subfield></datafield><datafield ind1="0" ind2=" " tag="505"><subfield code="a">T. 2: REM 0401 à REM 0851</subfield></datafield><datafield ind1="0" ind2=" " tag="505"><subfield code="a">T. 3: REM 1001 à REM 1278</subfield></datafield><datafield ind1=" " ind2="7" tag="650"><subfield code="a">Inscriptions méroïtiques</subfield><subfield code="0">(IDREF)027361853</subfield><subfield code="2">idref</subfield></datafield><datafield ind1=" " ind2="7" tag="650"><subfield code="a">Inschrift</subfield><subfield code="0">(DE-588)4027107-9</subfield><subfield code="2">gnd</subfield></datafield><datafield ind1=" " ind2="7" tag="650"><subfield code="a">Meroitisch</subfield><subfield code="0">(DE-588)4169463-6</subfield><subfield code="2">gnd</subfield></datafield><datafield ind1=" " ind2="0" tag="650"><subfield code="a">Inscriptions, Meroitic</subfield><subfield code="v">Catalogs</subfield></datafield><datafield ind1=" " ind2="7" tag="655"><subfield code="a">Répertoires</subfield><subfield code="0">(IDREF)028662180</subfield><subfield code="2">idref</subfield></datafield><datafield ind1=" " ind2="7" tag="655"><subfield code="a">Verzeichnis</subfield><subfield code="2">gnd-content</subfield></datafield><datafield ind1=" " ind2="7" tag="655"><subfield code="a">Quelle</subfield><subfield code="2">gnd-content</subfield></datafield><datafield ind1="1" ind2=" " tag="700"><subfield code="a">Leclant, Jean</subfield><subfield code="d">1920-2011</subfield><subfield code="0">(DE-588)119251493</subfield><subfield code="6">880-02</subfield></datafield><datafield ind1="1" ind2=" " tag="880"><subfield code="6">700-02</subfield><subfield code="a">Leclant, Jean</subfield><subfield code="d">1920-2011</subfield><subfield code="0">(IDREF)026976684</subfield></datafield><datafield ind1="2" ind2=" " tag="710"><subfield code="a">Académie des inscriptions et belles-lettres</subfield><subfield code="g">Paris</subfield><subfield code="0">(DE-588)35017-5</subfield></datafield><datafield ind1="2" ind2=" " tag="710"><subfield code="a">Institut national des sciences et des arts</subfield><subfield code="g">France</subfield><subfield code="b">Classe de Littérature et Beaux-arts</subfield><subfield code="0">(IDREF)127516786</subfield></datafield><datafield ind1=" " ind2=" " tag="900"><subfield code="a">REROnoselfmerge</subfield></datafield><datafield ind1=" " ind2=" " tag="900"><subfield code="a">IDSZ2zbzmon200106e</subfield><subfield code="c">IDSZ2emme</subfield><subfield code="d">IDSZ2zbzswk200106b</subfield><subfield code="e">IDSZ2brue</subfield></datafield></record>
</metadata></record>