<record><header><identifier>oai:alma.41SLSP_UGE:991000009989705502</identifier><datestamp>2024-04-11T00:17:03Z</datestamp><setSpec>uge_bcen_RapidILL_BOOK</setSpec><setSpec>uge_aaca_RapidILL_BOOK</setSpec><setSpec>uge_abels_RapidILL_BOOK</setSpec><setSpec>uge_dbu_RapidILL_BOOK</setSpec><setSpec>uge_cmu_RapidILL_BOOK</setSpec><setSpec>uge_mail_RapidILL_BOOK</setSpec><setSpec>uge_abbat_RapidILL_BOOK</setSpec><setSpec>UNIGE_ALL</setSpec><setSpec>uge_aobs_RapidILL_BOOK</setSpec><setSpec>uge_acar_RapidILL_BOOK</setSpec></header><metadata>
<record xmlns="http://www.loc.gov/MARC21/slim" xmlns:xsi="http://www.w3.org/2001/XMLSchema-instance" xsi:schemaLocation="http://www.loc.gov/MARC21/slim http://www.loc.gov/standards/marcxml/schema/MARC21slim.xsd"><leader>02472nam a2200637 c 4500</leader><controlfield tag="001">991000009989705502</controlfield><controlfield tag="005">20240410141359.0</controlfield><controlfield tag="008">201011s1990    gw ||||| |||| 00| ||ger d</controlfield><datafield ind1=" " ind2=" " tag="015"><subfield code="a">90,A50,0379</subfield></datafield><datafield ind1=" " ind2=" " tag="020"><subfield code="a">3472632798</subfield><subfield code="q">kart.</subfield></datafield><datafield ind1=" " ind2=" " tag="035"><subfield code="a">(swissbib)211704105-41slsp_network</subfield></datafield><datafield ind1=" " ind2=" " tag="035"><subfield code="a">211704105</subfield><subfield code="9">ExL</subfield></datafield><datafield ind1=" " ind2=" " tag="035"><subfield code="a">(RERO)1248060-41slsp</subfield></datafield><datafield ind1=" " ind2=" " tag="035"><subfield code="a">(NEBIS)001142022EBI01</subfield></datafield><datafield ind1=" " ind2=" " tag="035"><subfield code="a">(IDSBB)000610790DSV01</subfield></datafield><datafield ind1=" " ind2=" " tag="035"><subfield code="a">(IDSSG)000019582HSB01</subfield></datafield><datafield ind1=" " ind2=" " tag="035"><subfield code="a">(EXLNZ-41SLSP_NETWORK)991037756309705501</subfield></datafield><datafield ind1=" " ind2=" " tag="040"><subfield code="a">RERO geubfd</subfield><subfield code="d">CH-ZuSLS</subfield></datafield><datafield ind1=" " ind2="7" tag="072"><subfield code="a">dr</subfield><subfield code="2">rero</subfield></datafield><datafield ind1=" " ind2="7" tag="072"><subfield code="a">rn</subfield><subfield code="2">SzZuIDS BS/BE</subfield></datafield><datafield ind1=" " ind2="7" tag="072"><subfield code="a">rm</subfield><subfield code="2">SzZuIDS BS/BE</subfield></datafield><datafield ind1="0" ind2="4" tag="082"><subfield code="a">341.242 SCHW</subfield></datafield><datafield ind1="1" ind2="4" tag="082"><subfield code="a">340</subfield><subfield code="2">15</subfield></datafield><datafield ind1=" " ind2=" " tag="084"><subfield code="a">CA/CE 16 g</subfield><subfield code="2">cjurrom</subfield></datafield><datafield ind1=" " ind2=" " tag="084"><subfield code="a">FA 14.1 g</subfield><subfield code="2">cjurrom</subfield></datafield><datafield ind1=" " ind2=" " tag="084"><subfield code="a">PS 2500</subfield><subfield code="2">rvk</subfield></datafield><datafield ind1="1" ind2=" " tag="100"><subfield code="a">Schweitzer, Michael</subfield><subfield code="d">1943-</subfield><subfield code="0">(DE-588)130400505</subfield><subfield code="6">880-01</subfield></datafield><datafield ind1="1" ind2=" " tag="880"><subfield code="6">100-01</subfield><subfield code="a">Schweitzer, Michael</subfield><subfield code="d">1943-....</subfield><subfield code="0">(IDREF)03190436X</subfield><subfield code="4">cre</subfield></datafield><datafield ind1="1" ind2="0" tag="245"><subfield code="a">Europarecht</subfield><subfield code="b">das Recht der Europäischen Gemeinschaften (EGKS, EWG, EAG) : mit Schwerpunkt EWG</subfield><subfield code="c">von Michael Schweitzer und Waldemar Hummer</subfield></datafield><datafield ind1=" " ind2=" " tag="250"><subfield code="a">3., erweiterte Aufl.</subfield></datafield><datafield ind1=" " ind2="1" tag="264"><subfield code="a">Frankfurt am Main</subfield><subfield code="b">A. Metzner</subfield><subfield code="c">1990</subfield></datafield><datafield ind1=" " ind2=" " tag="300"><subfield code="a">476 S.</subfield><subfield code="b">Tab.</subfield><subfield code="c">24 cm</subfield></datafield><datafield ind1=" " ind2=" " tag="336"><subfield code="b">txt</subfield><subfield code="2">rdacontent</subfield></datafield><datafield ind1=" " ind2=" " tag="337"><subfield code="b">n</subfield><subfield code="2">rdamedia</subfield></datafield><datafield ind1=" " ind2=" " tag="338"><subfield code="b">nc</subfield><subfield code="2">rdacarrier</subfield></datafield><datafield ind1="1" ind2=" " tag="490"><subfield code="a">Juristische Lernbücher</subfield><subfield code="v">Bd. 16</subfield></datafield><datafield ind1=" " ind2=" " tag="500"><subfield code="a">Frühere Aufl. s. Alter Katalog (Jus. RW 156)</subfield></datafield><datafield ind1=" " ind2=" " tag="504"><subfield code="a">Bibliogr.: S. 25-27</subfield></datafield><datafield ind1=" " ind2=" " tag="504"><subfield code="a">Literaturangaben</subfield></datafield><datafield ind1=" " ind2=" " tag="504"><subfield code="a">Literaturverzeichnis</subfield></datafield><datafield ind1="2" ind2="7" tag="610"><subfield code="a">Europäische Gemeinschaften</subfield><subfield code="2">idszbz</subfield></datafield><datafield ind1="2" ind2="7" tag="610"><subfield code="a">Europäische Gemeinschaften</subfield><subfield code="0">(DE-588)35439-9</subfield><subfield code="2">gnd</subfield></datafield><datafield ind1=" " ind2="7" tag="650"><subfield code="a">EU</subfield><subfield code="9">ger</subfield><subfield code="0">(RERO)jurivoc000007616ger</subfield><subfield code="2">jurivoc</subfield></datafield><datafield ind1=" " ind2="7" tag="650"><subfield code="a">Gemeinschaftsrecht</subfield><subfield code="9">ger</subfield><subfield code="0">(RERO)jurivoc000009467ger</subfield><subfield code="2">jurivoc</subfield></datafield><datafield ind1=" " ind2="7" tag="650"><subfield code="a">Droit européen</subfield><subfield code="0">(IDREF)027467171</subfield><subfield code="2">idref</subfield></datafield><datafield ind1=" " ind2="7" tag="650"><subfield code="a">Recht</subfield><subfield code="2">idszbz</subfield></datafield><datafield ind1=" " ind2="7" tag="650"><subfield code="a">Recht</subfield><subfield code="0">(DE-588)4048737-4</subfield><subfield code="2">gnd</subfield></datafield><datafield ind1=" " ind2="0" tag="650"><subfield code="a">Law</subfield><subfield code="z">European Economic Community countries</subfield></datafield><datafield ind1=" " ind2="7" tag="650"><subfield code="a">Europäische Gemeinschaften</subfield><subfield code="v">0 Gesamtdarstellung</subfield><subfield code="2">idsbb</subfield></datafield><datafield ind1=" " ind2="0" tag="651"><subfield code="a">European Economic Community countries</subfield><subfield code="x">Foreign relations</subfield></datafield><datafield ind1=" " ind2="7" tag="655"><subfield code="a">Grundlagenwerk</subfield><subfield code="9">ger</subfield><subfield code="2">jurivoc</subfield><subfield code="0">(RERO)jurivoc000010408ger</subfield></datafield><datafield ind1=" " ind2="7" tag="655"><subfield code="a">Manuels d'enseignement</subfield><subfield code="0">(IDREF)027446514</subfield><subfield code="2">idref</subfield></datafield><datafield ind1=" " ind2="7" tag="655"><subfield code="a">Lehrbuch</subfield><subfield code="2">idszbz</subfield></datafield><datafield ind1="1" ind2=" " tag="700"><subfield code="a">Hummer, Waldemar</subfield><subfield code="d">1942-</subfield><subfield code="0">(DE-588)122960491</subfield><subfield code="6">880-02</subfield></datafield><datafield ind1="1" ind2=" " tag="880"><subfield code="6">700-02</subfield><subfield code="a">Hummer, Waldemar</subfield><subfield code="d">1942-....</subfield><subfield code="0">(IDREF)029877490</subfield></datafield><datafield ind1=" " ind2="0" tag="830"><subfield code="a">Juristische Lernbücher</subfield><subfield code="v">16</subfield><subfield code="w">(RERO)0082847-41slsp</subfield></datafield></record>
</metadata></record>