<record><header><identifier>oai:alma.41SLSP_UGE:991000009359705502</identifier><datestamp>2023-07-09T00:16:29Z</datestamp><setSpec>uge_bcen_RapidILL_BOOK</setSpec><setSpec>uge_aaca_RapidILL_BOOK</setSpec><setSpec>uge_abels_RapidILL_BOOK</setSpec><setSpec>uge_dbu_RapidILL_BOOK</setSpec><setSpec>uge_cmu_RapidILL_BOOK</setSpec><setSpec>uge_mail_RapidILL_BOOK</setSpec><setSpec>UNIGE_ALL</setSpec><setSpec>uge_abbat_RapidILL_BOOK</setSpec><setSpec>uge_aobs_RapidILL_BOOK</setSpec><setSpec>uge_acar_RapidILL_BOOK</setSpec></header><metadata>
<record xmlns="http://www.loc.gov/MARC21/slim" xmlns:xsi="http://www.w3.org/2001/XMLSchema-instance" xsi:schemaLocation="http://www.loc.gov/MARC21/slim http://www.loc.gov/standards/marcxml/schema/MARC21slim.xsd"><leader>02772nam a2200613 c 4500</leader><controlfield tag="001">991000009359705502</controlfield><controlfield tag="005">20201231190755.0</controlfield><controlfield tag="008">201012s1962    fr            00| | fre  </controlfield><datafield ind1=" " ind2=" " tag="020"><subfield code="a">2207200078</subfield><subfield code="q">sur la jaquette</subfield></datafield><datafield ind1=" " ind2=" " tag="035"><subfield code="a">(swissbib)241901545-41slsp_network</subfield></datafield><datafield ind1=" " ind2=" " tag="035"><subfield code="a">241901545</subfield><subfield code="9">ExL</subfield></datafield><datafield ind1=" " ind2=" " tag="035"><subfield code="a">(NEBIS)008105819EBI01</subfield></datafield><datafield ind1=" " ind2=" " tag="035"><subfield code="a">(NEBIS)001258387EBI01</subfield></datafield><datafield ind1=" " ind2=" " tag="035"><subfield code="a">(IDSBB)000209138DSV01</subfield></datafield><datafield ind1=" " ind2=" " tag="035"><subfield code="a">(RERO)0834871-41slsp</subfield></datafield><datafield ind1=" " ind2=" " tag="035"><subfield code="a">(EXLNZ-41SLSP_NETWORK)991149054919705501</subfield></datafield><datafield ind1=" " ind2=" " tag="040"><subfield code="a">SzZuIDS NEBIS UZH</subfield><subfield code="b">ger</subfield><subfield code="e">rda</subfield><subfield code="d">CH-ZuSLS</subfield></datafield><datafield ind1=" " ind2="7" tag="072"><subfield code="a">fr</subfield><subfield code="2">SzZuIDS BS/BE</subfield></datafield><datafield ind1=" " ind2="7" tag="072"><subfield code="a">fr</subfield><subfield code="2">rero</subfield></datafield><datafield ind1="1" ind2="4" tag="082"><subfield code="a">848.9109</subfield><subfield code="2">22</subfield></datafield><datafield ind1="1" ind2="4" tag="082"><subfield code="a">840</subfield><subfield code="2">15</subfield></datafield><datafield ind1=" " ind2=" " tag="084"><subfield code="a">B</subfield><subfield code="2">sdnb</subfield></datafield><datafield ind1="1" ind2=" " tag="100"><subfield code="a">Cendrars, Blaise</subfield><subfield code="d">1887-1961</subfield><subfield code="0">(DE-588)118667653</subfield><subfield code="e">Verfasser</subfield><subfield code="4">aut</subfield><subfield code="6">880-01</subfield></datafield><datafield ind1="1" ind2=" " tag="880"><subfield code="6">100-01</subfield><subfield code="a">Cendrars, Blaise</subfield><subfield code="d">1887-1961</subfield><subfield code="0">(IDREF)026774348</subfield><subfield code="4">cre</subfield></datafield><datafield ind1="1" ind2="0" tag="245"><subfield code="a">&lt;&lt;La&gt;&gt; perle fiévreuse</subfield><subfield code="b">; Moganni Nameh ; Comment les blancs sont d'anciens noirs ; Aujourd'hui ; Vol à voile ; Panorama de la pègre ; Hollywood ; La vie dangereuse</subfield><subfield code="c">Blaise Cendrars</subfield></datafield><datafield ind1=" " ind2="1" tag="264"><subfield code="a">Paris</subfield><subfield code="b">Denoël</subfield><subfield code="c">[1962]</subfield></datafield><datafield ind1=" " ind2=" " tag="300"><subfield code="a">581 p.</subfield><subfield code="c">21 cm</subfield></datafield><datafield ind1=" " ind2=" " tag="336"><subfield code="b">txt</subfield><subfield code="2">rdacontent</subfield></datafield><datafield ind1=" " ind2=" " tag="337"><subfield code="b">n</subfield><subfield code="2">rdamedia</subfield></datafield><datafield ind1=" " ind2=" " tag="338"><subfield code="b">nc</subfield><subfield code="2">rdacarrier</subfield></datafield><datafield ind1="1" ind2=" " tag="490"><subfield code="a">Edition complète des œuvres de Blaise Cendrars</subfield><subfield code="v">volume 4</subfield></datafield><datafield ind1=" " ind2=" " tag="504"><subfield code="a">Werkverz. B. Cendrars</subfield></datafield><datafield ind1="1" ind2=" " tag="700"><subfield code="a">Morlang, Werner</subfield><subfield code="d">1949-2015</subfield><subfield code="0">(DE-588)123190827</subfield><subfield code="e">Früherer Eigentümer</subfield><subfield code="5">Exemplar ZB Zürich</subfield><subfield code="4">fmo</subfield></datafield><datafield ind1="1" ind2="2" tag="700"><subfield code="a">Cendrars, Blaise</subfield><subfield code="d">1887-1961</subfield><subfield code="t">&lt;&lt;La&gt;&gt; perle fiévreuse</subfield><subfield code="0">(DE-588)1170347576</subfield></datafield><datafield ind1="1" ind2="2" tag="700"><subfield code="a">Cendrars, Blaise</subfield><subfield code="d">1887-1961</subfield><subfield code="t">Moganni Nameh</subfield><subfield code="0">(DE-588)1170347800</subfield></datafield><datafield ind1="1" ind2="2" tag="700"><subfield code="a">Cendrars, Blaise</subfield><subfield code="d">1887-1961</subfield><subfield code="t">Comment les blancs sont d'anciens noirs</subfield><subfield code="0">(DE-588)1088037038</subfield></datafield><datafield ind1="1" ind2="2" tag="700"><subfield code="a">Cendrars, Blaise</subfield><subfield code="d">1887-1961</subfield><subfield code="t">Aujourd'hui</subfield><subfield code="0">(DE-588)1170348297</subfield></datafield><datafield ind1="1" ind2="2" tag="700"><subfield code="a">Cendrars, Blaise</subfield><subfield code="d">1887-1961</subfield><subfield code="t">Vol à voile</subfield><subfield code="0">(DE-588)1088045456</subfield></datafield><datafield ind1="1" ind2="2" tag="700"><subfield code="a">Cendrars, Blaise</subfield><subfield code="d">1887-1961</subfield><subfield code="t">Panorama de la pègre</subfield><subfield code="0">(DE-588)1170348661</subfield></datafield><datafield ind1="1" ind2="2" tag="700"><subfield code="a">Cendrars, Blaise</subfield><subfield code="d">1887-1961</subfield><subfield code="t">Hollywood, la Mecque du cinéma</subfield><subfield code="0">(DE-588)1088043828</subfield></datafield><datafield ind1="1" ind2="2" tag="700"><subfield code="a">Cendrars, Blaise</subfield><subfield code="d">1887-1961</subfield><subfield code="t">&lt;&lt;La&gt;&gt; vie dangereuse</subfield><subfield code="0">(DE-588)1170349153</subfield></datafield><datafield ind1="0" ind2="2" tag="740"><subfield code="a">La vie dangereuse</subfield></datafield><datafield ind1="0" ind2="2" tag="740"><subfield code="a">Moganni Nameh</subfield></datafield><datafield ind1="0" ind2="2" tag="740"><subfield code="a">Comment les blancs sont d'anciens noirs</subfield></datafield><datafield ind1="0" ind2="2" tag="740"><subfield code="a">Aujourd'hui</subfield></datafield><datafield ind1="0" ind2="2" tag="740"><subfield code="a">Vol à voile</subfield></datafield><datafield ind1="0" ind2="2" tag="740"><subfield code="a">Panorama de la pègre</subfield></datafield><datafield ind1="0" ind2="2" tag="740"><subfield code="a">Hollywood</subfield></datafield><datafield ind1="0" ind2="2" tag="740"><subfield code="a">&lt;&lt;La&gt;&gt; vie dangereuse</subfield></datafield><datafield ind1="1" ind2=" " tag="800"><subfield code="a">Cendrars, Blaise</subfield><subfield code="d">1887-1961</subfield><subfield code="t">Werke</subfield><subfield code="v">4</subfield><subfield code="w">(NEBIS)000999283EBI01</subfield></datafield><datafield ind1="1" ind2=" " tag="800"><subfield code="a">Cendrars, Blaise</subfield><subfield code="d">1887-1961</subfield><subfield code="t">Werke</subfield><subfield code="v">4</subfield><subfield code="w">(RERO)0834806-41slsp</subfield></datafield><datafield ind1="1" ind2=" " tag="800"><subfield code="a">Cendrars, Blaise</subfield><subfield code="d">1887-1961</subfield><subfield code="t">Oeuvres complètes</subfield><subfield code="v">4</subfield><subfield code="w">(IDSBB)000209116DSV01</subfield></datafield><datafield ind1=" " ind2=" " tag="900"><subfield code="a">IDSZ2zbzmon201811f</subfield><subfield code="c">IDSZ2dien</subfield><subfield code="d">IDSZ2zbzswk201811k</subfield><subfield code="e">IDSZ2trun</subfield></datafield><datafield ind1=" " ind2=" " tag="900"><subfield code="a">IDSZRMedeaZBZ</subfield><subfield code="b">IDSZRSWK</subfield></datafield><datafield ind1=" " ind2=" " tag="900"><subfield code="a">REROnoselfmerge</subfield></datafield></record>
</metadata></record>