<record><header><identifier>oai:alma.41SLSP_UGE:991000010189705502</identifier><datestamp>2023-04-11T00:13:53Z</datestamp><setSpec>uge_bcen_RapidILL_BOOK</setSpec><setSpec>uge_aaca_RapidILL_BOOK</setSpec><setSpec>uge_abels_RapidILL_BOOK</setSpec><setSpec>uge_dbu_RapidILL_BOOK</setSpec><setSpec>uge_cmu_RapidILL_BOOK</setSpec><setSpec>uge_mail_RapidILL_BOOK</setSpec><setSpec>uge_abbat_RapidILL_BOOK</setSpec><setSpec>UNIGE_ALL</setSpec><setSpec>uge_aobs_RapidILL_BOOK</setSpec><setSpec>uge_acar_RapidILL_BOOK</setSpec></header><metadata>
<record xmlns="http://www.loc.gov/MARC21/slim" xmlns:xsi="http://www.w3.org/2001/XMLSchema-instance" xsi:schemaLocation="http://www.loc.gov/MARC21/slim http://www.loc.gov/standards/marcxml/schema/MARC21slim.xsd"><leader>02522nam a2200541 c 4500</leader><controlfield tag="001">991000010189705502</controlfield><controlfield tag="005">20230410174859.0</controlfield><controlfield tag="008">201011s2013    xxu||||| |||| 00| ||eng d</controlfield><datafield ind1=" " ind2=" " tag="020"><subfield code="a">0840058152</subfield></datafield><datafield ind1=" " ind2=" " tag="020"><subfield code="a">9780840058157</subfield></datafield><datafield ind1=" " ind2=" " tag="020"><subfield code="a">9781111990824</subfield><subfield code="q">loseleaf ed.</subfield></datafield><datafield ind1=" " ind2=" " tag="020"><subfield code="a">9780840054999</subfield><subfield code="q">casebound students ed.</subfield></datafield><datafield ind1=" " ind2=" " tag="035"><subfield code="a">(swissbib)218044275-41slsp_network</subfield></datafield><datafield ind1=" " ind2=" " tag="035"><subfield code="a">218044275</subfield><subfield code="9">ExL</subfield></datafield><datafield ind1=" " ind2=" " tag="035"><subfield code="a">(RERO)R007219296-41slsp</subfield></datafield><datafield ind1=" " ind2=" " tag="035"><subfield code="a">(NEBIS)007106381EBI01</subfield></datafield><datafield ind1=" " ind2=" " tag="035"><subfield code="a">(NEBIS)007341855EBI01</subfield></datafield><datafield ind1=" " ind2=" " tag="035"><subfield code="a">(EXLNZ-41SLSP_NETWORK)991054155379705501</subfield></datafield><datafield ind1=" " ind2=" " tag="040"><subfield code="a">RERO geussc</subfield><subfield code="d">CH-ZuSLS</subfield></datafield><datafield ind1=" " ind2="7" tag="072"><subfield code="a">st</subfield><subfield code="2">rero</subfield></datafield><datafield ind1=" " ind2="7" tag="072"><subfield code="a">ur</subfield><subfield code="2">rero</subfield></datafield><datafield ind1="0" ind2="4" tag="082"><subfield code="a">551.5</subfield><subfield code="2">22</subfield></datafield><datafield ind1="1" ind2=" " tag="100"><subfield code="a">Ahrens, C. Donald</subfield><subfield code="0">(IDREF)033288585</subfield><subfield code="4">cre</subfield></datafield><datafield ind1="1" ind2="0" tag="245"><subfield code="a">Meteorology today</subfield><subfield code="b">an introduction to weather, climate, and the environment</subfield><subfield code="c">C. Donald Ahrens</subfield></datafield><datafield ind1=" " ind2=" " tag="250"><subfield code="a">10th ed., [international ed.]</subfield></datafield><datafield ind1=" " ind2="1" tag="264"><subfield code="a">[Belmont, CA]</subfield><subfield code="b">Brooks/Cole, CengageLearning</subfield><subfield code="c">2013</subfield></datafield><datafield ind1=" " ind2=" " tag="300"><subfield code="a">569 p.</subfield><subfield code="b">ill.</subfield><subfield code="c">28 cm</subfield></datafield><datafield ind1=" " ind2=" " tag="336"><subfield code="b">txt</subfield><subfield code="2">rdacontent</subfield></datafield><datafield ind1=" " ind2=" " tag="337"><subfield code="b">n</subfield><subfield code="2">rdamedia</subfield></datafield><datafield ind1=" " ind2=" " tag="338"><subfield code="b">nc</subfield><subfield code="2">rdacarrier</subfield></datafield><datafield ind1=" " ind2="0" tag="650"><subfield code="a">Meteorology</subfield><subfield code="v">Textbooks</subfield></datafield><datafield ind1=" " ind2="7" tag="650"><subfield code="a">Météorologie</subfield><subfield code="0">(IDREF)027239454</subfield><subfield code="2">idref</subfield></datafield><datafield ind1=" " ind2="7" tag="650"><subfield code="a">Climatologie</subfield><subfield code="0">(IDREF)027223426</subfield><subfield code="2">idref</subfield></datafield><datafield ind1=" " ind2="7" tag="650"><subfield code="a">Chimie de l'atmosphère</subfield><subfield code="0">(IDREF)027576558</subfield><subfield code="2">idref</subfield></datafield><datafield ind1=" " ind2="7" tag="650"><subfield code="a">Pollution</subfield><subfield code="0">(IDREF)027243206</subfield><subfield code="2">idref</subfield></datafield><datafield ind1=" " ind2="7" tag="650"><subfield code="a">GLOBAL CHANGE + KLIMAERWÄRMUNG (KLIMATOLOGIE)</subfield><subfield code="9">ger</subfield><subfield code="0">(ETHUDK)000046096</subfield><subfield code="2">ethudk</subfield></datafield><datafield ind1=" " ind2="7" tag="650"><subfield code="a">KLIMATOLOGIE BESTIMMTER GEBIETE UND ORTE (KLIMATOLOGIE)</subfield><subfield code="9">ger</subfield><subfield code="0">(ETHUDK)000020414</subfield><subfield code="2">ethudk</subfield></datafield><datafield ind1=" " ind2="7" tag="650"><subfield code="a">KONVEKTIVE NIEDERSCHLAGSSYSTEME + GEWITTER, SCHAUER (METEOROLOGIE)</subfield><subfield code="9">ger</subfield><subfield code="0">(ETHUDK)000020310</subfield><subfield code="2">ethudk</subfield></datafield><datafield ind1=" " ind2="7" tag="650"><subfield code="a">LEHRBÜCHER (DOKUMENTENTYP)</subfield><subfield code="9">ger</subfield><subfield code="0">(ETHUDK)000000099</subfield><subfield code="2">ethudk</subfield></datafield><datafield ind1=" " ind2="7" tag="650"><subfield code="a">LUFTVERUNREINIGUNG (UMWELTPROBLEME)</subfield><subfield code="9">ger</subfield><subfield code="0">(ETHUDK)000012437</subfield><subfield code="2">ethudk</subfield></datafield><datafield ind1=" " ind2="7" tag="650"><subfield code="a">METEOROLOGIE</subfield><subfield code="9">ger</subfield><subfield code="0">(ETHUDK)000020211</subfield><subfield code="2">ethudk</subfield></datafield><datafield ind1=" " ind2="7" tag="650"><subfield code="a">STRUKTUR, MECHANIK UND THERMODYNAMIK DER ATMOSPHÄRE (METEOROLOGIE)</subfield><subfield code="9">ger</subfield><subfield code="0">(ETHUDK)000020278</subfield><subfield code="2">ethudk</subfield></datafield><datafield ind1=" " ind2="7" tag="650"><subfield code="a">TORNADOS + WASSERHOSEN + WIRBELWINDE + DUST DEVILS (METEOROLOGIE)</subfield><subfield code="9">ger</subfield><subfield code="0">(ETHUDK)000020309</subfield><subfield code="2">ethudk</subfield></datafield><datafield ind1=" " ind2="7" tag="650"><subfield code="a">VERFAHREN UND GRUNDLAGEN DER WETTERVORHERSAGE (METEOROLOGIE)</subfield><subfield code="9">ger</subfield><subfield code="0">(ETHUDK)000020262</subfield><subfield code="2">ethudk</subfield></datafield><datafield ind1=" " ind2="7" tag="655"><subfield code="a">Manuels d'enseignement supérieur</subfield><subfield code="0">(IDREF)03020934X</subfield><subfield code="2">idref</subfield></datafield><datafield ind1="4" ind2=" " tag="856"><subfield code="3">Titelblatt und Inhaltsverzeichnis</subfield><subfield code="u">https://toc.library.ethz.ch/objects/pdf/e05_978-0-8400-5815-7_01.pdf</subfield><subfield code="q">pdf</subfield></datafield><datafield ind1=" " ind2=" " tag="900"><subfield code="a">REROnoselfmerge</subfield></datafield><datafield ind1=" " ind2=" " tag="900"><subfield code="a">IDSE5E43ANH-2014</subfield></datafield><datafield ind1=" " ind2=" " tag="949"><subfield code="a">https://toc.library.ethz.ch/objects/pdf/e05_978-0-8400-5815-7_01.pdf</subfield></datafield></record>
</metadata></record>