<record><header><identifier>oai:alma.41SLSP_UGE:991000009459705502</identifier><datestamp>2023-05-03T00:29:14Z</datestamp><setSpec>uge_bcen_RapidILL_BOOK</setSpec><setSpec>uge_aaca_RapidILL_BOOK</setSpec><setSpec>uge_abels_RapidILL_BOOK</setSpec><setSpec>uge_dbu_RapidILL_BOOK</setSpec><setSpec>uge_cmu_RapidILL_BOOK</setSpec><setSpec>uge_mail_RapidILL_BOOK</setSpec><setSpec>uge_abbat_RapidILL_BOOK</setSpec><setSpec>UNIGE_ALL</setSpec><setSpec>uge_acar_RapidILL_BOOK</setSpec><setSpec>uge_aobs_RapidILL_BOOK</setSpec></header><metadata>
<record xmlns="http://www.loc.gov/MARC21/slim" xmlns:xsi="http://www.w3.org/2001/XMLSchema-instance" xsi:schemaLocation="http://www.loc.gov/MARC21/slim http://www.loc.gov/standards/marcxml/schema/MARC21slim.xsd"><leader>04537nam a22003732c 4500</leader><controlfield tag="001">991000009459705502</controlfield><controlfield tag="005">20230502194646.0</controlfield><controlfield tag="008">161014s2004    xxu||||| |||| 00| ||eng d</controlfield><datafield ind1=" " ind2=" " tag="020"><subfield code="a">9780472030026</subfield><subfield code="q">pbk</subfield></datafield><datafield ind1=" " ind2=" " tag="020"><subfield code="a">9780472111817</subfield><subfield code="q">hardcover</subfield></datafield><datafield ind1=" " ind2=" " tag="035"><subfield code="a">(swissbib)123304245-41slsp_network</subfield></datafield><datafield ind1=" " ind2=" " tag="035"><subfield code="a">123304245</subfield><subfield code="9">ExL</subfield></datafield><datafield ind1=" " ind2=" " tag="035"><subfield code="a">(RERO)R008531294-41slsp</subfield></datafield><datafield ind1=" " ind2=" " tag="035"><subfield code="a">(EXLNZ-41SLSP_NETWORK)991066085139705501</subfield></datafield><datafield ind1=" " ind2=" " tag="040"><subfield code="a">U9S</subfield><subfield code="b">fre</subfield><subfield code="d">CH-ZuSLS</subfield></datafield><datafield ind1="1" ind2="4" tag="050"><subfield code="a">PS228 A35I43 2004</subfield></datafield><datafield ind1=" " ind2="7" tag="072"><subfield code="a">an</subfield><subfield code="2">rero</subfield></datafield><datafield ind1="0" ind2="4" tag="082"><subfield code="a">810.9/355</subfield><subfield code="2">22</subfield></datafield><datafield ind1="0" ind2="0" tag="245"><subfield code="a">Imagining adoption</subfield><subfield code="b">essays on literature and culture</subfield><subfield code="c">edited by Marianne Novy</subfield></datafield><datafield ind1=" " ind2="1" tag="264"><subfield code="a">Ann Arbor</subfield><subfield code="b">University of Michigan Press</subfield><subfield code="c">2004</subfield></datafield><datafield ind1=" " ind2=" " tag="300"><subfield code="a">viii, 316 p.</subfield><subfield code="c">24 cm</subfield></datafield><datafield ind1=" " ind2=" " tag="336"><subfield code="b">txt</subfield><subfield code="2">rdacontent</subfield></datafield><datafield ind1=" " ind2=" " tag="337"><subfield code="b">n</subfield><subfield code="2">rdamedia</subfield></datafield><datafield ind1=" " ind2=" " tag="338"><subfield code="b">nc</subfield><subfield code="2">rdacarrier</subfield></datafield><datafield ind1=" " ind2=" " tag="504"><subfield code="a">Comprend des réf. bibliogr. et un index</subfield></datafield><datafield ind1="0" ind2=" " tag="505"><subfield code="a">Imagining adoption / Marianne Novy -- Adoption and the &quot;improvement of the estate&quot; in Trollope and Craik / Tess O'Toole -- Adoption in Silas Marner and Daniel Deronda / Marianne Novy -- Outlaws, outcasts, and orphans: the historical imagination and Anne of Green Gables / Beverly Crockett -- Redefining &quot;real&quot; motherhood: representations of adoptive mothers, 1900-1950 / Julie Berebitsky -- From Charlotte to the outposts of empire: troping adoption / Beverly Lyon Clark -- Immaculate deception: adoption in Albee's plays / Garry Leonard -- &quot;I am your mother ; she was a carrying case&quot;: adoption, class, and sexual orientation in Jeanette Winterson's Oranges are not the only fruit / Margot Gayle Backus -- Junction of amends: Sandra McPherson's poetics of adoption / Jan VanStavern -- Adoption, identity, and voice: Jackie Kay's inventions of self / Nancy K. Gish -- Genealogy revised in Secrets and lies / Paris De Soto -- Natural bonds, legal boundaries: modes of persuasion in adoption rhetoric / Judith Modell -- &quot;File it under 'L' for love child&quot;: adoptive policies and practices in the Erdrich tetralogy / Jill R. Deans -- Adoption as national fantasy in Barbara Kingsolver's Pigs in heaven and Margaret Laurence's The diviners / Kristina Fagan -- Should whites adopt African American children? One family's phenomenological response / Martha Satz -- Incorporating the transnational adoptee / Claudia Castañeda</subfield></datafield><datafield ind1="8" ind2=" " tag="520"><subfield code="a">&quot;Adoption has long been a pervasive theme in literature, from folk legends to the novels of Barbara Kingsolver. Many nonliterary writers have been increasingly drawn to the subject. Imagining Adoption brings together for the first time analyses of literary portrayals of adoption and other examples of adoption discourse. The essays analyze adoption in a range of works, including the novels of George Eliot and Anthony Trollope ; children's literature (Anne of Green Gables, Charlotte's Web) ; contemporary fiction (Louise Erdrich, Jeanette Winterson, Barbara Kingsolver, Margaret Laurence) ; and poetry (Sandra McPherson, Jackie Kay) and film (Secrets and Lies, Losing Isaiah). They examine personal narratives by &quot;home children ; &quot; magazine articles by adoptive mothers ; adoptee rights newsletters ; and scholarly arguments about transracial and transnational adoption. The contributors contextualize their literary and rhetorical analyses with reference to historical research ; feminist, Foucauldian, psychoanalytic, and postcolonial theory ; and personal experience. Adoption plots dramatize cultural tensions about definitions of family and the importance of heredity, along with changing constructions of illegitimacy, infertility, maternal instinct, and homosexuality. Since adoption often brings together people from groups separated by economics, ethnicity, and increasingly by nation of birth, its use in fiction can contrast their worlds, and can protest against their split and/or against the victimization of one group by the other. Some contributors argue that adoption affects the imagination of several adoptee authors (Albee, Winterson, McPherson, Kay) even when dealing with other topics. But most importantly this anthology shows how complex and varied are the ways in which people have written about adoption itself.&quot;--[Résumé de l'éditeur]</subfield></datafield><datafield ind1=" " ind2="7" tag="650"><subfield code="a">Adoption</subfield><subfield code="0">(IDREF)02766032X</subfield><subfield code="2">idref</subfield></datafield><datafield ind1=" " ind2="7" tag="650"><subfield code="a">Littérature américaine</subfield><subfield code="0">(IDREF)027257843</subfield><subfield code="2">idref</subfield></datafield><datafield ind1=" " ind2="7" tag="650"><subfield code="a">Littérature anglaise</subfield><subfield code="0">(IDREF)027236722</subfield><subfield code="2">idref</subfield></datafield><datafield ind1=" " ind2="7" tag="650"><subfield code="a">19e siècle-20e siècle</subfield><subfield code="2">idref</subfield></datafield><datafield ind1=" " ind2="7" tag="650"><subfield code="a">Cinéma</subfield><subfield code="0">(IDREF)027285979</subfield><subfield code="2">idref</subfield></datafield><datafield ind1="1" ind2=" " tag="700"><subfield code="a">Novy, Marianne</subfield><subfield code="d">1945-....</subfield><subfield code="0">(IDREF)028573218</subfield></datafield><datafield ind1=" " ind2=" " tag="900"><subfield code="a">REROnoselfmerge</subfield></datafield><datafield ind1=" " ind2=" " tag="910"><subfield code="a">OCoLC</subfield><subfield code="b">20161014</subfield><subfield code="c">Droits réservés</subfield></datafield></record>
</metadata></record>