<record><header><identifier>oai:alma.41SLSP_UGE:991000009379705502</identifier><datestamp>2023-03-01T01:08:51Z</datestamp><setSpec>uge_cmu_RapidILL_JOURNAL</setSpec><setSpec>uge_aobs_RapidILL_JOURNAL</setSpec><setSpec>uge_aaca_RapidILL_JOURNAL</setSpec><setSpec>uge_bcen_RapidILL_JOURNAL</setSpec><setSpec>uge_abbat_RapidILL_JOURNAL</setSpec><setSpec>uge_mail_RapidILL_JOURNAL</setSpec><setSpec>uge_dbu_RapidILL_JOURNAL</setSpec><setSpec>UNIGE_ALL</setSpec><setSpec>uge_abels_RapidILL_JOURNAL</setSpec><setSpec>uge_acar_RapidILL_JOURNAL</setSpec></header><metadata>
<record xmlns="http://www.loc.gov/MARC21/slim" xmlns:xsi="http://www.w3.org/2001/XMLSchema-instance" xsi:schemaLocation="http://www.loc.gov/MARC21/slim http://www.loc.gov/standards/marcxml/schema/MARC21slim.xsd"><leader>02269nas a2200505 c 4500</leader><controlfield tag="001">991000009379705502</controlfield><controlfield tag="005">20230213192329.0</controlfield><controlfield tag="008">201011d19831989sz || p|  ||| 0    |ger d</controlfield><datafield ind1=" " ind2=" " tag="035"><subfield code="a">(swissbib)230741622-41slsp_network</subfield></datafield><datafield ind1=" " ind2=" " tag="035"><subfield code="a">230741622</subfield><subfield code="9">ExL</subfield></datafield><datafield ind1=" " ind2=" " tag="035"><subfield code="a">(RERO)R004634071-41slsp</subfield></datafield><datafield ind1=" " ind2=" " tag="035"><subfield code="a">(NEBIS)000978338EBI01</subfield></datafield><datafield ind1=" " ind2=" " tag="035"><subfield code="a">(EXLNZ-41SLSP_NETWORK)991093275379705501</subfield></datafield><datafield ind1=" " ind2=" " tag="040"><subfield code="a">ZBZ</subfield><subfield code="d">CH-ZuSLS</subfield></datafield><datafield ind1=" " ind2=" " tag="044"><subfield code="a">sz</subfield><subfield code="c">ch-zh</subfield></datafield><datafield ind1=" " ind2="7" tag="072"><subfield code="a">in</subfield><subfield code="2">rero</subfield></datafield><datafield ind1="0" ind2="0" tag="245"><subfield code="a">Auf Nummer sicher</subfield><subfield code="b">die SIH-Zeitschrift für den kritischen Verbraucher : testet, prüft, berät, informiert</subfield><subfield code="c">[Schweizerisches Institut für Hauswirtschaft]</subfield></datafield><datafield ind1=" " ind2="1" tag="264"><subfield code="a">Zürich</subfield><subfield code="b">SIH</subfield></datafield><datafield ind1=" " ind2=" " tag="336"><subfield code="b">txt</subfield><subfield code="2">rdacontent</subfield></datafield><datafield ind1=" " ind2=" " tag="337"><subfield code="b">n</subfield><subfield code="2">rdamedia</subfield></datafield><datafield ind1=" " ind2=" " tag="338"><subfield code="b">nc</subfield><subfield code="2">rdacarrier</subfield></datafield><datafield ind1="0" ind2=" " tag="362"><subfield code="a">[19]83, 1-Dez. 1989, Nr. 6.</subfield></datafield><datafield ind1=" " ind2=" " tag="500"><subfield code="a">Lieu d'édition dès septembre 1987: Baden</subfield></datafield><datafield ind1=" " ind2=" " tag="500"><subfield code="a">Sous-titre dès 1986: aktuelle Informationen aus dem Schweizerischen Institut für Hauswirtschaft</subfield></datafield><datafield ind1=" " ind2=" " tag="500"><subfield code="a">Untertitel später: aktuelle Informationen aus dem Schweizerischen Institut für Hauswirtschaft</subfield></datafield><datafield ind1=" " ind2=" " tag="500"><subfield code="a">Neuster Erscheinungsort: Baden</subfield></datafield><datafield ind1=" " ind2=" " tag="580"><subfield code="a">Devient : SIH Magazin</subfield></datafield><datafield ind1=" " ind2=" " tag="580"><subfield code="a">Fait suite à : SIH Bulletin</subfield></datafield><datafield ind1=" " ind2="7" tag="650"><subfield code="a">Consommation</subfield><subfield code="0">(IDREF)027260593</subfield><subfield code="2">idref</subfield></datafield><datafield ind1=" " ind2="7" tag="650"><subfield code="a">Énergie</subfield><subfield code="0">(IDREF)027226271</subfield><subfield code="2">idref</subfield></datafield><datafield ind1=" " ind2="7" tag="650"><subfield code="a">Environnement</subfield><subfield code="0">(IDREF)027772616</subfield><subfield code="2">idref</subfield></datafield><datafield ind1=" " ind2="7" tag="650"><subfield code="a">Modes de vie</subfield><subfield code="0">(IDREF)028083202</subfield><subfield code="2">idref</subfield></datafield><datafield ind1=" " ind2="7" tag="650"><subfield code="a">Hauswirtschaft</subfield><subfield code="2">idszbz</subfield></datafield><datafield ind1=" " ind2="7" tag="655"><subfield code="a">Périodiques</subfield><subfield code="0">(IDREF)02724640X</subfield><subfield code="2">idref</subfield></datafield><datafield ind1=" " ind2="7" tag="655"><subfield code="a">Zeitschrift</subfield><subfield code="2">idszbz</subfield></datafield><datafield ind1="2" ind2=" " tag="710"><subfield code="a">Schweizerisches Institut für Hauswirtschaft</subfield><subfield code="0">(DE-588)4608229-3</subfield></datafield><datafield ind1="2" ind2=" " tag="710"><subfield code="a">Schweizerisches Institut für Hauswirtschaft</subfield><subfield code="0">(DE-588)4608229-3</subfield></datafield><datafield ind1="2" ind2=" " tag="710"><subfield code="a">Schweizerisches Institut für Hauswirtschaft (Baden)</subfield><subfield code="0">(RERO)A013775525</subfield></datafield><datafield ind1="2" ind2=" " tag="710"><subfield code="a">Schweizerisches Institut für Hauswirtschaft (Zürich)</subfield><subfield code="0">(RERO)A013775526</subfield></datafield><datafield ind1="0" ind2="0" tag="785"><subfield code="t">SIH-Magazin</subfield><subfield code="w">(swissbib)229521355-41slsp_network</subfield></datafield><datafield ind1="0" ind2="0" tag="780"><subfield code="t">SIH-Bulletin</subfield><subfield code="w">(NEBIS)000978337EBI01</subfield></datafield><datafield ind1="4" ind2=" " tag="856"><subfield code="u">https://www.sozialarchiv.ch/bibliothek/benutzung/bestellen/bestellung-von-aelteren-periodikabestaenden</subfield><subfield code="z">Sozialarchiv: Bestellformular</subfield></datafield><datafield ind1=" " ind2=" " tag="900"><subfield code="a">REROnoselfmerge</subfield></datafield><datafield ind1=" " ind2=" " tag="900"><subfield code="a">IDSZ1ZH</subfield></datafield><datafield ind1=" " ind2=" " tag="900"><subfield code="a">IDSE5E19ANH-2004</subfield></datafield><datafield ind1=" " ind2=" " tag="900"><subfield code="a">NEBISnoselfmerge</subfield></datafield></record>
</metadata></record>