<record><header><identifier>oai:alma.41SLSP_UGE:991000010109705502</identifier><datestamp>2023-07-01T00:23:58Z</datestamp><setSpec>uge_bcen_RapidILL_BOOK</setSpec><setSpec>uge_aaca_RapidILL_BOOK</setSpec><setSpec>uge_abels_RapidILL_BOOK</setSpec><setSpec>uge_dbu_RapidILL_BOOK</setSpec><setSpec>uge_cmu_RapidILL_BOOK</setSpec><setSpec>uge_mail_RapidILL_BOOK</setSpec><setSpec>uge_abbat_RapidILL_BOOK</setSpec><setSpec>UNIGE_ALL</setSpec><setSpec>uge_acar_RapidILL_BOOK</setSpec><setSpec>uge_aobs_RapidILL_BOOK</setSpec></header><metadata>
<record xmlns="http://www.loc.gov/MARC21/slim" xmlns:xsi="http://www.w3.org/2001/XMLSchema-instance" xsi:schemaLocation="http://www.loc.gov/MARC21/slim http://www.loc.gov/standards/marcxml/schema/MARC21slim.xsd"><leader>01290naa a2200313 c 4500</leader><controlfield tag="001">991000010109705502</controlfield><controlfield tag="005">20230630220013.0</controlfield><controlfield tag="008">120620s2012    sz ||||| |||| 00| ||fre d</controlfield><datafield ind1=" " ind2=" " tag="035"><subfield code="a">(swissbib)116087609-41slsp_network</subfield></datafield><datafield ind1=" " ind2=" " tag="035"><subfield code="a">116087609</subfield><subfield code="9">ExL</subfield></datafield><datafield ind1=" " ind2=" " tag="035"><subfield code="a">(RERO)R007089631-41slsp</subfield></datafield><datafield ind1=" " ind2=" " tag="035"><subfield code="a">(EXLNZ-41SLSP_NETWORK)991147095969705501</subfield></datafield><datafield ind1=" " ind2=" " tag="040"><subfield code="a">RERO iftflu</subfield><subfield code="d">CH-ZuSLS</subfield></datafield><datafield ind1=" " ind2=" " tag="044"><subfield code="a">sz</subfield><subfield code="c">ch-be</subfield></datafield><datafield ind1=" " ind2="7" tag="072"><subfield code="a">dr</subfield><subfield code="2">rero</subfield></datafield><datafield ind1=" " ind2=" " tag="084"><subfield code="a">CA/CH 57.2 i</subfield><subfield code="2">cjurrom</subfield></datafield><datafield ind1="1" ind2=" " tag="100"><subfield code="a">Mery, Jacques</subfield><subfield code="0">(IDREF)111349931</subfield><subfield code="4">cre</subfield></datafield><datafield ind1="1" ind2="0" tag="245"><subfield code="a">&lt;&lt;L'&gt;&gt;AVS</subfield><subfield code="b">principaux résultats statistiques 2011</subfield><subfield code="c">Jacques Méry</subfield></datafield><datafield ind1=" " ind2=" " tag="336"><subfield code="b">txt</subfield><subfield code="2">rdacontent</subfield></datafield><datafield ind1=" " ind2=" " tag="337"><subfield code="b">n</subfield><subfield code="2">rdamedia</subfield></datafield><datafield ind1=" " ind2=" " tag="338"><subfield code="b">nc</subfield><subfield code="2">rdacarrier</subfield></datafield><datafield ind1=" " ind2=" " tag="500"><subfield code="a">Version allemande: AHV : wichtigste statistische Ergebnisse 2011</subfield></datafield><datafield ind1=" " ind2=" " tag="580"><subfield code="a">In: Sécurité sociale. - Berne. - 2012, no 3, p. 177-180</subfield></datafield><datafield ind1=" " ind2="7" tag="650"><subfield code="a">AHV</subfield><subfield code="9">ger</subfield><subfield code="0">(RERO)jurivoc000000645ger</subfield><subfield code="2">jurivoc</subfield></datafield><datafield ind1=" " ind2="7" tag="650"><subfield code="a">Altersrente</subfield><subfield code="9">ger</subfield><subfield code="0">(RERO)jurivoc000000904ger</subfield><subfield code="2">jurivoc</subfield></datafield><datafield ind1=" " ind2="7" tag="650"><subfield code="a">Rente</subfield><subfield code="9">ger</subfield><subfield code="0">(RERO)jurivoc000050578ger</subfield><subfield code="2">jurivoc</subfield></datafield><datafield ind1=" " ind2="7" tag="650"><subfield code="a">Vorbezug</subfield><subfield code="9">ger</subfield><subfield code="0">(RERO)jurivoc000025732ger</subfield><subfield code="2">jurivoc</subfield></datafield><datafield ind1=" " ind2="7" tag="650"><subfield code="a">Statistik</subfield><subfield code="9">ger</subfield><subfield code="0">(RERO)jurivoc000021291ger</subfield><subfield code="2">jurivoc</subfield></datafield><datafield ind1=" " ind2="7" tag="651"><subfield code="a">Schweiz</subfield><subfield code="9">ger</subfield><subfield code="0">(RERO)jurivoc000019912ger</subfield><subfield code="2">jurivoc</subfield></datafield><datafield ind1="0" ind2=" " tag="773"><subfield code="t">Sécurité sociale : revue de l'Office fédéral des assurances sociales</subfield><subfield code="g">2012/177</subfield><subfield code="g">yr:2012</subfield><subfield code="w">(RERO)1663938-41slsp</subfield></datafield></record>
</metadata></record>