<record><header><identifier>oai:alma.41SLSP_UGE:991000010209705502</identifier><datestamp>2023-04-17T00:12:38Z</datestamp><setSpec>uge_bcen_RapidILL_BOOK</setSpec><setSpec>uge_aaca_RapidILL_BOOK</setSpec><setSpec>uge_abels_RapidILL_BOOK</setSpec><setSpec>uge_dbu_RapidILL_BOOK</setSpec><setSpec>uge_cmu_RapidILL_BOOK</setSpec><setSpec>uge_mail_RapidILL_BOOK</setSpec><setSpec>uge_abbat_RapidILL_BOOK</setSpec><setSpec>UNIGE_ALL</setSpec><setSpec>uge_aobs_RapidILL_BOOK</setSpec><setSpec>uge_acar_RapidILL_BOOK</setSpec></header><metadata>
<record xmlns="http://www.loc.gov/MARC21/slim" xmlns:xsi="http://www.w3.org/2001/XMLSchema-instance" xsi:schemaLocation="http://www.loc.gov/MARC21/slim http://www.loc.gov/standards/marcxml/schema/MARC21slim.xsd"><leader>04177nam a2200781 c 4500</leader><controlfield tag="001">991000010209705502</controlfield><controlfield tag="005">20230416092923.0</controlfield><controlfield tag="008">201011s2009    xxu||||| |||| 00| ||eng d</controlfield><datafield ind1=" " ind2=" " tag="015"><subfield code="a">GBA941900</subfield><subfield code="2">bnb</subfield></datafield><datafield ind1="7" ind2=" " tag="016"><subfield code="a">B3041-000993</subfield><subfield code="2">SzZuIDS</subfield></datafield><datafield ind1=" " ind2=" " tag="020"><subfield code="a">038787836X</subfield><subfield code="q">hbk.</subfield></datafield><datafield ind1=" " ind2=" " tag="020"><subfield code="a">9780387878379</subfield><subfield code="q">eBook</subfield></datafield><datafield ind1=" " ind2=" " tag="020"><subfield code="a">9780387878362</subfield><subfield code="c">GB. : ca. EUR 42.75 (freier Pr.), ca. sfr 66.50 (freier Pr.)</subfield></datafield><datafield ind1=" " ind2=" " tag="035"><subfield code="a">(swissbib)212036009-41slsp_network</subfield></datafield><datafield ind1=" " ind2=" " tag="035"><subfield code="a">212036009</subfield><subfield code="9">ExL</subfield></datafield><datafield ind1=" " ind2=" " tag="035"><subfield code="a">(RERO)R005367975-41slsp</subfield></datafield><datafield ind1=" " ind2=" " tag="035"><subfield code="a">(IDSBB)004917701DSV01</subfield></datafield><datafield ind1=" " ind2=" " tag="035"><subfield code="a">(NEBIS)005830425EBI01</subfield></datafield><datafield ind1=" " ind2=" " tag="035"><subfield code="a">(IDSSG)000498289HSB01</subfield></datafield><datafield ind1=" " ind2=" " tag="035"><subfield code="a">(EXLNZ-41SLSP_NETWORK)991142466909705501</subfield></datafield><datafield ind1=" " ind2=" " tag="040"><subfield code="a">RERO geussm</subfield><subfield code="d">CH-ZuSLS</subfield></datafield><datafield ind1=" " ind2="7" tag="072"><subfield code="a">ma</subfield><subfield code="2">rero</subfield></datafield><datafield ind1=" " ind2="7" tag="072"><subfield code="a">mt</subfield><subfield code="2">SzZuIDS BS/BE</subfield></datafield><datafield ind1="0" ind2="4" tag="082"><subfield code="a">519.2</subfield><subfield code="2">23</subfield></datafield><datafield ind1="0" ind2="4" tag="082"><subfield code="a">518.282</subfield><subfield code="2">22</subfield></datafield><datafield ind1="0" ind2="4" tag="082"><subfield code="a">519. 5</subfield><subfield code="2">22</subfield></datafield><datafield ind1="0" ind2="4" tag="082"><subfield code="a">519.5</subfield><subfield code="2">22</subfield></datafield><datafield ind1="1" ind2="4" tag="082"><subfield code="a">510</subfield><subfield code="2">15</subfield></datafield><datafield ind1=" " ind2=" " tag="084"><subfield code="a">60J</subfield><subfield code="2">msc</subfield></datafield><datafield ind1=" " ind2=" " tag="084"><subfield code="a">SK 820</subfield><subfield code="2">rvk</subfield></datafield><datafield ind1="1" ind2=" " tag="100"><subfield code="a">Shonkwiler, Ronald W.</subfield><subfield code="d">1942-....</subfield><subfield code="0">(IDREF)116785861</subfield><subfield code="4">cre</subfield></datafield><datafield ind1="1" ind2="0" tag="245"><subfield code="a">Explorations in Monte Carlo methods</subfield><subfield code="c">Ronald W. Shonkwiler, Franklin Mendivil</subfield></datafield><datafield ind1=" " ind2="1" tag="264"><subfield code="a">New York</subfield><subfield code="b">Springer</subfield><subfield code="c">2009</subfield></datafield><datafield ind1=" " ind2=" " tag="300"><subfield code="a">243 p.</subfield><subfield code="b">ill.</subfield></datafield><datafield ind1=" " ind2=" " tag="336"><subfield code="b">txt</subfield><subfield code="2">rdacontent</subfield></datafield><datafield ind1=" " ind2=" " tag="337"><subfield code="b">n</subfield><subfield code="2">rdamedia</subfield></datafield><datafield ind1=" " ind2=" " tag="338"><subfield code="b">nc</subfield><subfield code="2">rdacarrier</subfield></datafield><datafield ind1="0" ind2=" " tag="490"><subfield code="a">Undergraduate texts in mathematics</subfield></datafield><datafield ind1=" " ind2=" " tag="504"><subfield code="a">Includes reference bibliographic and index</subfield></datafield><datafield ind1=" " ind2="7" tag="650"><subfield code="a">Monte-Carlo-Methode</subfield><subfield code="v">0 Gesamtdarstellung</subfield><subfield code="2">idsbb</subfield></datafield><datafield ind1=" " ind2="0" tag="650"><subfield code="a">Monte Carlo method</subfield></datafield><datafield ind1=" " ind2="0" tag="650"><subfield code="a">Algorithms</subfield></datafield><datafield ind1=" " ind2="0" tag="650"><subfield code="a">Computer science</subfield></datafield><datafield ind1=" " ind2="0" tag="650"><subfield code="a">Computer simulation</subfield></datafield><datafield ind1=" " ind2="0" tag="650"><subfield code="a">Distribution (Probability theory)</subfield></datafield><datafield ind1=" " ind2="0" tag="650"><subfield code="a">Game Theory, Economics, Social and Behav. Sciences</subfield></datafield><datafield ind1=" " ind2="0" tag="650"><subfield code="a">Mathematical optimization</subfield></datafield><datafield ind1=" " ind2="0" tag="650"><subfield code="a">Mathematics</subfield></datafield><datafield ind1=" " ind2="7" tag="650"><subfield code="a">Monte-Carlo-Simulation</subfield><subfield code="2">idszbz</subfield></datafield><datafield ind1=" " ind2="0" tag="650"><subfield code="a">Optimization</subfield></datafield><datafield ind1=" " ind2="0" tag="650"><subfield code="a">Probability and Statistics in Computer Science</subfield></datafield><datafield ind1=" " ind2="0" tag="650"><subfield code="a">Probability Theory and Stochastic Processes</subfield></datafield><datafield ind1=" " ind2="0" tag="650"><subfield code="a">Simulation and Modeling</subfield></datafield><datafield ind1=" " ind2="7" tag="650"><subfield code="a">LEHRBÜCHER (DOKUMENTENTYP)</subfield><subfield code="9">ger</subfield><subfield code="0">(ETHUDK)000000099</subfield><subfield code="2">ethudk</subfield></datafield><datafield ind1=" " ind2="7" tag="650"><subfield code="a">STOCHASTISCHE APPROXIMATION + MONTE-CARLO-METHODEN (STOCHASTIK)</subfield><subfield code="9">ger</subfield><subfield code="0">(ETHUDK)000013617</subfield><subfield code="2">ethudk</subfield></datafield><datafield ind1=" " ind2="7" tag="650"><subfield code="a">Monte-Carlo-Simulation</subfield><subfield code="0">(DE-588)4240945-7</subfield><subfield code="2">gnd</subfield></datafield><datafield ind1=" " ind2="7" tag="655"><subfield code="a">Lehrbuch</subfield><subfield code="2">idszbz</subfield></datafield><datafield ind1=" " ind2="7" tag="655"><subfield code="a">Lehrbuch</subfield><subfield code="2">gnd-content</subfield></datafield><datafield ind1=" " ind2=" " tag="690"><subfield code="a">Application ; Simulation ; Exploration ; Beta ; Generation ; Requirement ; Selection ; Inversion ; Discrete event simulation ; Rejection ; Some example ; presentation ; Optimisation ; Probability distribution ; Algorithm ; Binomial distribution ; Poisson distribution ; Limit theorem ; Option ; Exponential distribution ; Cauchy distribution ; Normal distribution ; Curves ; Gamma distribution ; Probability ; Genetic algorithm ; Theorem ; Random number generation ; Event ; Variance ; Density ; Composition ; Traveling salesman problem ; Travel-Salesman Problem ; Travel salesman problem ; Travelling salesman problem ; Trial ; Preface ; History ; Matrix algebra ; Metropolis ; Random variable ; Chain ; Statistical mechanics ; Constraint ; Path ; Variable ; Diffusion ; Brownian motion ; Finance ; Financing ; networks circuits ; Chemical solution ; Electric generator ; Electric tension ; Uniform ; Multiple ; Field ; Notation</subfield><subfield code="2">idssg-J</subfield></datafield><datafield ind1=" " ind2=" " tag="690"><subfield code="a">Multiple-Outcome</subfield><subfield code="2">idssg-J</subfield></datafield><datafield ind1=" " ind2=" " tag="690"><subfield code="a">Other Middle-Digit; Congruential Random; Inversion-Discrete Case; Continuous Case; Canonical Method; Discrete Markov; Permanent Problem; Simple Kelly</subfield><subfield code="2">idssg-J</subfield></datafield><datafield ind1=" " ind2=" " tag="690"><subfield code="a">Monte_Carlo [100]</subfield><subfield code="2">idssg-J</subfield></datafield><datafield ind1=" " ind2=" " tag="690"><subfield code="a">pringer; andom; Histogramming; Catastrophic; Fibonacci; Nonrandomness; Kolmogorov; Smirnov; Perron; Frobenius; G; II</subfield><subfield code="2">idssg-J</subfield></datafield><datafield ind1="1" ind2=" " tag="700"><subfield code="a">Mendivil, Franklin</subfield><subfield code="0">(IDREF)181044897</subfield></datafield><datafield ind1="4" ind2=" " tag="856"><subfield code="3">Titelblatt und Inhaltsverzeichnis</subfield><subfield code="u">https://toc.library.ethz.ch/objects/pdf/e01_978-0-387-87836-2_01.pdf</subfield><subfield code="q">pdf</subfield></datafield><datafield ind1="4" ind2=" " tag="856"><subfield code="3">Abstract / Autoreninformation</subfield><subfield code="u">https://toc.library.ethz.ch/objects/pdf/e01_978-0-387-87836-2_02.pdf</subfield><subfield code="q">pdf</subfield></datafield><datafield ind1=" " ind2=" " tag="900"><subfield code="a">IDSZ2zbzmon201006l</subfield><subfield code="c">IDSZ2stad</subfield><subfield code="d">IDSZ2zbzswk201006b</subfield><subfield code="e">IDSZ2tschu</subfield></datafield><datafield ind1=" " ind2=" " tag="949"><subfield code="a">https://toc.library.ethz.ch/objects/pdf/e01_978-0-387-87836-2_01.pdf</subfield></datafield><datafield ind1=" " ind2=" " tag="949"><subfield code="a">https://toc.library.ethz.ch/objects/pdf/e01_978-0-387-87836-2_02.pdf</subfield></datafield></record>
</metadata></record>