<record><header><identifier>oai:alma.41SLSP_UGE:991000009689705502</identifier><datestamp>2023-07-08T00:14:37Z</datestamp><setSpec>uge_cmu_RapidILL_JOURNAL</setSpec><setSpec>uge_aobs_RapidILL_JOURNAL</setSpec><setSpec>uge_aaca_RapidILL_JOURNAL</setSpec><setSpec>uge_bcen_RapidILL_JOURNAL</setSpec><setSpec>uge_abbat_RapidILL_JOURNAL</setSpec><setSpec>uge_mail_RapidILL_JOURNAL</setSpec><setSpec>uge_dbu_RapidILL_JOURNAL</setSpec><setSpec>uge_abels_RapidILL_JOURNAL</setSpec><setSpec>UNIGE_ALL</setSpec><setSpec>uge_acar_RapidILL_JOURNAL</setSpec></header><metadata>
<record xmlns="http://www.loc.gov/MARC21/slim" xmlns:xsi="http://www.w3.org/2001/XMLSchema-instance" xsi:schemaLocation="http://www.loc.gov/MARC21/slim http://www.loc.gov/standards/marcxml/schema/MARC21slim.xsd"><leader>02756nas a2200517 c 4500</leader><controlfield tag="001">991000009689705502</controlfield><controlfield tag="005">20230629192042.0</controlfield><controlfield tag="008">000717d19711986sz || p|  ||| 0    0fre d</controlfield><datafield ind1=" " ind2=" " tag="035"><subfield code="a">(swissbib)077226860-41slsp_network</subfield></datafield><datafield ind1=" " ind2=" " tag="035"><subfield code="a">077226860</subfield><subfield code="9">ExL</subfield></datafield><datafield ind1=" " ind2=" " tag="035"><subfield code="a">(RERO)0137114-41slsp</subfield></datafield><datafield ind1=" " ind2=" " tag="035"><subfield code="a">(EXLNZ-41SLSP_NETWORK)991007376019705501</subfield></datafield><datafield ind1=" " ind2=" " tag="040"><subfield code="a">RERO</subfield><subfield code="d">CH-ZuSLS</subfield></datafield><datafield ind1=" " ind2="7" tag="072"><subfield code="a">dr</subfield><subfield code="2">rero</subfield></datafield><datafield ind1=" " ind2=" " tag="084"><subfield code="a">CA/CH 9 b</subfield><subfield code="2">cjurrom</subfield></datafield><datafield ind1="0" ind2=" " tag="130"><subfield code="a">Recueil des lois fédérales</subfield><subfield code="p">Table des matières</subfield><subfield code="f">1970 - 1986</subfield></datafield><datafield ind1="1" ind2="0" tag="245"><subfield code="a">Recueil des lois fédérales et Recueil systématique du droit fédéral</subfield><subfield code="b">table des matières</subfield><subfield code="c">éd. par la Chancellerie fédérale</subfield></datafield><datafield ind1="1" ind2=" " tag="246"><subfield code="a">Recueil des lois fédérales</subfield><subfield code="b">index.</subfield></datafield><datafield ind1="1" ind2=" " tag="246"><subfield code="a">Recueil systématique du droit fédéral</subfield><subfield code="b">index.</subfield></datafield><datafield ind1="1" ind2=" " tag="246"><subfield code="a">Recueil des lois fédérales</subfield><subfield code="b">table des matières</subfield></datafield><datafield ind1="1" ind2=" " tag="246"><subfield code="a">Recueil systématique du droit fédéral</subfield><subfield code="b">table des matières</subfield></datafield><datafield ind1=" " ind2="1" tag="264"><subfield code="a">Bern</subfield><subfield code="b">Chancellerie fédéralee</subfield><subfield code="b">distrib. : Office central fédéral des imprimés et du matériel</subfield></datafield><datafield ind1=" " ind2=" " tag="310"><subfield code="a">Annuel</subfield></datafield><datafield ind1=" " ind2=" " tag="336"><subfield code="b">txt</subfield><subfield code="2">rdacontent</subfield></datafield><datafield ind1=" " ind2=" " tag="337"><subfield code="b">n</subfield><subfield code="2">rdamedia</subfield></datafield><datafield ind1=" " ind2=" " tag="338"><subfield code="b">nc</subfield><subfield code="2">rdacarrier</subfield></datafield><datafield ind1="0" ind2=" " tag="362"><subfield code="a">1970-1986.</subfield></datafield><datafield ind1=" " ind2=" " tag="500"><subfield code="a">Table systématique des textes législatifs en vigueur publiés depuis 1848</subfield></datafield><datafield ind1=" " ind2=" " tag="580"><subfield code="a">Devient: Recueil officiel des lois fédérales et Recueil systématique du droit fédéral</subfield></datafield><datafield ind1=" " ind2=" " tag="580"><subfield code="a">Autre édition: Raccolta delle leggi federali e Raccolta sistematica del diritto federale : indici delle materie</subfield></datafield><datafield ind1=" " ind2=" " tag="580"><subfield code="a">Autre édition: Sammlung der eidgenössischen Gesetze und Systematische Sammlung des Bundesrechts : Inhaltsverzeichnis</subfield></datafield><datafield ind1=" " ind2=" " tag="580"><subfield code="a">Devient: Recueil officiel des lois fédérales et Recueil systématique du droit fédéral : table des matières</subfield></datafield><datafield ind1=" " ind2="7" tag="650"><subfield code="a">Gesetzessammlung</subfield><subfield code="9">ger</subfield><subfield code="0">(RERO)jurivoc000009897ger</subfield><subfield code="2">jurivoc</subfield></datafield><datafield ind1=" " ind2="7" tag="650"><subfield code="a">Bundesrecht</subfield><subfield code="9">ger</subfield><subfield code="0">(RERO)jurivoc000004898ger</subfield><subfield code="2">jurivoc</subfield></datafield><datafield ind1=" " ind2="7" tag="650"><subfield code="a">Droit</subfield><subfield code="0">(IDREF)027466868</subfield><subfield code="2">idref</subfield></datafield><datafield ind1=" " ind2="7" tag="650"><subfield code="a">Lois</subfield><subfield code="0">(IDREF)028704002</subfield><subfield code="2">idref</subfield></datafield><datafield ind1=" " ind2="7" tag="651"><subfield code="a">Schweiz</subfield><subfield code="9">ger</subfield><subfield code="0">(RERO)jurivoc000019912ger</subfield><subfield code="2">jurivoc</subfield></datafield><datafield ind1=" " ind2="7" tag="651"><subfield code="a">Suisse</subfield><subfield code="0">(IDREF)027249654</subfield><subfield code="2">idref</subfield></datafield><datafield ind1=" " ind2="7" tag="655"><subfield code="a">Textreproduktion</subfield><subfield code="9">ger</subfield><subfield code="2">jurivoc</subfield><subfield code="0">(RERO)jurivoc000022433ger</subfield></datafield><datafield ind1=" " ind2="7" tag="655"><subfield code="a">Periodikum</subfield><subfield code="9">ger</subfield><subfield code="2">jurivoc</subfield><subfield code="0">(RERO)jurivoc000017014ger</subfield></datafield><datafield ind1=" " ind2="7" tag="655"><subfield code="a">Répertoires</subfield><subfield code="0">(IDREF)028662180</subfield><subfield code="2">idref</subfield></datafield><datafield ind1="1" ind2=" " tag="710"><subfield code="a">Suisse</subfield><subfield code="b">Chancellerie fédérale</subfield><subfield code="0">(RERO)A000156891</subfield></datafield><datafield ind1="1" ind2="2" tag="710"><subfield code="a">Suisse</subfield><subfield code="t">Lois et arrêtés</subfield></datafield><datafield ind1="0" ind2=" " tag="730"><subfield code="a">Recueil systématique du droit fédéral</subfield><subfield code="p">Table des matières</subfield><subfield code="f">1970 - 1986</subfield></datafield><datafield ind1="0" ind2=" " tag="775"><subfield code="t">Sammlung der Eidgenössischen Gesetze. Inhaltsverzeichnis. 1973-1986</subfield><subfield code="w">(RERO)0137115-41slsp</subfield></datafield><datafield ind1="0" ind2=" " tag="775"><subfield code="t">Raccolta sistematica del diritto federale. Indici delle materie. 1973-1986</subfield><subfield code="w">(RERO)0137450-41slsp</subfield></datafield><datafield ind1="0" ind2="0" tag="785"><subfield code="t">Recueil officiel des lois fédérales. Table des matières. 1987-2004</subfield><subfield code="w">(RERO)0990444-41slsp</subfield></datafield></record>
</metadata></record>