<record><header><identifier>oai:alma.41SLSP_UGE:991000009789705502</identifier><datestamp>2024-03-01T01:19:00Z</datestamp><setSpec>uge_bcen_RapidILL_BOOK</setSpec><setSpec>uge_aaca_RapidILL_BOOK</setSpec><setSpec>uge_abels_RapidILL_BOOK</setSpec><setSpec>uge_dbu_RapidILL_BOOK</setSpec><setSpec>uge_cmu_RapidILL_BOOK</setSpec><setSpec>uge_mail_RapidILL_BOOK</setSpec><setSpec>uge_abbat_RapidILL_BOOK</setSpec><setSpec>UNIGE_ALL</setSpec><setSpec>uge_acar_RapidILL_BOOK</setSpec><setSpec>uge_aobs_RapidILL_BOOK</setSpec></header><metadata>
<record xmlns="http://www.loc.gov/MARC21/slim" xmlns:xsi="http://www.w3.org/2001/XMLSchema-instance" xsi:schemaLocation="http://www.loc.gov/MARC21/slim http://www.loc.gov/standards/marcxml/schema/MARC21slim.xsd"><leader>01086nam a22003012c 4500</leader><controlfield tag="001">991000009789705502</controlfield><controlfield tag="005">20240229142003.0</controlfield><controlfield tag="008">140303s2012    gw ||||| |||| 00| ||ger d</controlfield><datafield ind1=" " ind2=" " tag="020"><subfield code="a">3842881673</subfield></datafield><datafield ind1=" " ind2=" " tag="020"><subfield code="a">9783842881679</subfield></datafield><datafield ind1=" " ind2=" " tag="035"><subfield code="a">(swissbib)119275228-41slsp_network</subfield></datafield><datafield ind1=" " ind2=" " tag="035"><subfield code="a">119275228</subfield><subfield code="9">ExL</subfield></datafield><datafield ind1=" " ind2=" " tag="035"><subfield code="a">(RERO)R007662982-41slsp</subfield></datafield><datafield ind1=" " ind2=" " tag="035"><subfield code="a">(EXLNZ-41SLSP_NETWORK)991065034219705501</subfield></datafield><datafield ind1=" " ind2=" " tag="040"><subfield code="a">DEBSZ</subfield><subfield code="d">CH-ZuSLS</subfield></datafield><datafield ind1=" " ind2="7" tag="072"><subfield code="a">lg</subfield><subfield code="2">rero</subfield></datafield><datafield ind1="1" ind2=" " tag="100"><subfield code="a">Eibner, Chantal</subfield><subfield code="d">1987-</subfield><subfield code="0">(RERO)A024162269</subfield><subfield code="4">cre</subfield></datafield><datafield ind1="1" ind2="0" tag="245"><subfield code="a">Integratives Übersetzungsmanagement mit Translation Memory Systemen</subfield><subfield code="c">Chantal Eibner</subfield></datafield><datafield ind1=" " ind2="1" tag="264"><subfield code="a">Hamburg</subfield><subfield code="b">Diplomica Verl. GmbH</subfield><subfield code="c">2012</subfield></datafield><datafield ind1=" " ind2=" " tag="300"><subfield code="a">67, XXXVIII p.</subfield><subfield code="b">graph. Darst.</subfield></datafield><datafield ind1=" " ind2=" " tag="336"><subfield code="b">txt</subfield><subfield code="2">rdacontent</subfield></datafield><datafield ind1=" " ind2=" " tag="337"><subfield code="b">n</subfield><subfield code="2">rdamedia</subfield></datafield><datafield ind1=" " ind2=" " tag="338"><subfield code="b">nc</subfield><subfield code="2">rdacarrier</subfield></datafield><datafield ind1=" " ind2="7" tag="650"><subfield code="a">Traduction assistée par ordinateur</subfield><subfield code="0">(IDREF)099023679</subfield><subfield code="2">idref</subfield></datafield><datafield ind1=" " ind2="7" tag="650"><subfield code="a">Logiciels</subfield><subfield code="0">(IDREF)027241408</subfield><subfield code="2">idref</subfield></datafield><datafield ind1="4" ind2="2" tag="856"><subfield code="u">https://deposit.dnb.de/cgi-bin/dokserv?id=4063419&amp;prov=M&amp;dok_var=1&amp;dok_ext=htm</subfield></datafield><datafield ind1="4" ind2="2" tag="856"><subfield code="u">http://d-nb.info/1023537044/04</subfield></datafield><datafield ind1=" " ind2=" " tag="900"><subfield code="a">REROnoselfmerge</subfield></datafield><datafield ind1=" " ind2=" " tag="910"><subfield code="a">OCoLC</subfield><subfield code="b">20140303</subfield><subfield code="c">Droits réservés</subfield></datafield></record>
</metadata></record>