<record><header><identifier>oai:alma.41SLSP_UGE:991000009579705502</identifier><datestamp>2023-04-10T00:46:04Z</datestamp><setSpec>uge_bcen_RapidILL_BOOK</setSpec><setSpec>uge_aaca_RapidILL_BOOK</setSpec><setSpec>uge_abels_RapidILL_BOOK</setSpec><setSpec>uge_dbu_RapidILL_BOOK</setSpec><setSpec>uge_cmu_RapidILL_BOOK</setSpec><setSpec>uge_mail_RapidILL_BOOK</setSpec><setSpec>uge_abbat_RapidILL_BOOK</setSpec><setSpec>UNIGE_ALL</setSpec><setSpec>uge_aobs_RapidILL_BOOK</setSpec><setSpec>uge_acar_RapidILL_BOOK</setSpec></header><metadata>
<record xmlns="http://www.loc.gov/MARC21/slim" xmlns:xsi="http://www.w3.org/2001/XMLSchema-instance" xsi:schemaLocation="http://www.loc.gov/MARC21/slim http://www.loc.gov/standards/marcxml/schema/MARC21slim.xsd"><leader>02743nam a22006612c 4500</leader><controlfield tag="001">991000009579705502</controlfield><controlfield tag="005">20230409214422.0</controlfield><controlfield tag="008">201012t19871987gw ||||| |||| 00| ||ger d</controlfield><datafield ind1=" " ind2=" " tag="020"><subfield code="a">9783766154569</subfield></datafield><datafield ind1=" " ind2=" " tag="020"><subfield code="a">3766154567</subfield></datafield><datafield ind1=" " ind2=" " tag="035"><subfield code="a">(swissbib)239899687-41slsp_network</subfield></datafield><datafield ind1=" " ind2=" " tag="035"><subfield code="a">239899687</subfield><subfield code="9">ExL</subfield></datafield><datafield ind1=" " ind2=" " tag="035"><subfield code="a">(RERO)R007490659-41slsp</subfield></datafield><datafield ind1=" " ind2=" " tag="035"><subfield code="a">(IDSBB)002135572DSV01</subfield></datafield><datafield ind1=" " ind2=" " tag="035"><subfield code="a">(NEBIS)001061521EBI01</subfield></datafield><datafield ind1=" " ind2=" " tag="035"><subfield code="a">(EXLNZ-41SLSP_NETWORK)991039784239705501</subfield></datafield><datafield ind1=" " ind2=" " tag="040"><subfield code="a">BOS</subfield><subfield code="d">CH-ZuSLS</subfield></datafield><datafield ind1=" " ind2="4" tag="050"><subfield code="a">ML197</subfield><subfield code="b">.K86 1987</subfield></datafield><datafield ind1=" " ind2="7" tag="072"><subfield code="a">mu</subfield><subfield code="2">rero</subfield></datafield><datafield ind1=" " ind2="7" tag="072"><subfield code="a">mu</subfield><subfield code="2">SzZuIDS BS/BE</subfield></datafield><datafield ind1="1" ind2="4" tag="082"><subfield code="a">780</subfield><subfield code="2">15</subfield></datafield><datafield ind1=" " ind2=" " tag="084"><subfield code="a">FB 1825</subfield><subfield code="2">rvk</subfield></datafield><datafield ind1=" " ind2=" " tag="084"><subfield code="a">FB 3710</subfield><subfield code="2">rvk</subfield></datafield><datafield ind1=" " ind2=" " tag="084"><subfield code="a">FB 3730</subfield><subfield code="2">rvk</subfield></datafield><datafield ind1=" " ind2=" " tag="084"><subfield code="a">FB 3735</subfield><subfield code="2">rvk</subfield></datafield><datafield ind1=" " ind2=" " tag="084"><subfield code="a">LP 19507</subfield><subfield code="2">rvk</subfield></datafield><datafield ind1="1" ind2=" " tag="100"><subfield code="a">Kunze, Stefan</subfield><subfield code="d">1933-1992</subfield><subfield code="0">(DE-588)119352613</subfield><subfield code="6">880-01</subfield></datafield><datafield ind1="1" ind2=" " tag="880"><subfield code="6">100-01</subfield><subfield code="a">Kunze, Stefan</subfield><subfield code="d">1933-1992</subfield><subfield code="0">(IDREF)029540100</subfield><subfield code="4">cre</subfield></datafield><datafield ind1="1" ind2="0" tag="245"><subfield code="a">&lt;&lt;Die&gt;&gt; Antike in der Musik des 20. Jahrhunderts</subfield><subfield code="c">Stefan Kunze</subfield></datafield><datafield ind1=" " ind2="1" tag="264"><subfield code="a">Bamberg</subfield><subfield code="b">C.C. Buchners Verlag</subfield><subfield code="c">1987</subfield></datafield><datafield ind1=" " ind2="4" tag="264"><subfield code="c">©1987</subfield></datafield><datafield ind1=" " ind2=" " tag="300"><subfield code="a">39 p.</subfield><subfield code="b">music</subfield><subfield code="c">21 cm.</subfield></datafield><datafield ind1=" " ind2=" " tag="336"><subfield code="b">txt</subfield><subfield code="2">rdacontent</subfield></datafield><datafield ind1=" " ind2=" " tag="337"><subfield code="b">n</subfield><subfield code="2">rdamedia</subfield></datafield><datafield ind1=" " ind2=" " tag="338"><subfield code="b">nc</subfield><subfield code="2">rdacarrier</subfield></datafield><datafield ind1="1" ind2=" " tag="490"><subfield code="a">Thyssen-Vorträge. Auseinandersetzungen mit der Antike</subfield><subfield code="v">6</subfield></datafield><datafield ind1=" " ind2=" " tag="500"><subfield code="a">Vortrag, gehalten am 15. Juli 1987 an der Ludwig-Maximilians-Universität München im Rahmen der Vorlesungsreihe &quot;Auseinandersetzungen mit der Antike&quot;</subfield></datafield><datafield ind1=" " ind2=" " tag="504"><subfield code="a">Bibliography: p. 23.</subfield></datafield><datafield ind1=" " ind2=" " tag="504"><subfield code="a">Literaturverz.</subfield></datafield><datafield ind1="0" ind2=" " tag="505"><subfield code="a">Enthält Verzeichnis der im Text erwähnten Werke aus dem 20. Jh. mit antikem Stoff</subfield></datafield><datafield ind1="1" ind2="7" tag="600"><subfield code="a">Nepos, Cornelius</subfield><subfield code="d">v100-v25</subfield><subfield code="t">De viris illustribus</subfield><subfield code="0">(DE-588)4361927-7</subfield><subfield code="2">gnd</subfield></datafield><datafield ind1=" " ind2="7" tag="648"><subfield code="a">Geschichte 1900-1985</subfield><subfield code="2">gnd</subfield></datafield><datafield ind1=" " ind2="7" tag="648"><subfield code="a">Geschichte 1900-1987</subfield><subfield code="2">gnd</subfield></datafield><datafield ind1=" " ind2="0" tag="650"><subfield code="a">Music</subfield><subfield code="y">20th century</subfield><subfield code="x">History and criticism</subfield></datafield><datafield ind1=" " ind2="0" tag="650"><subfield code="a">Music and mythology</subfield></datafield><datafield ind1=" " ind2="7" tag="650"><subfield code="a">Lateinunterricht</subfield><subfield code="0">(DE-588)4034666-3</subfield><subfield code="2">gnd</subfield></datafield><datafield ind1=" " ind2="7" tag="650"><subfield code="a">Musik</subfield><subfield code="0">(DE-588)4040802-4</subfield><subfield code="2">gnd</subfield></datafield><datafield ind1=" " ind2="7" tag="650"><subfield code="a">Musiktheater</subfield><subfield code="0">(DE-588)4040874-7</subfield><subfield code="2">gnd</subfield></datafield><datafield ind1=" " ind2="7" tag="650"><subfield code="a">Rezeption</subfield><subfield code="0">(DE-588)4049716-1</subfield><subfield code="2">gnd</subfield></datafield><datafield ind1=" " ind2="7" tag="650"><subfield code="a">Antike</subfield><subfield code="0">(DE-588)4068754-5</subfield><subfield code="2">gnd</subfield></datafield><datafield ind1=" " ind2="7" tag="650"><subfield code="a">Altertum</subfield><subfield code="0">(DE-588)4001480-0</subfield><subfield code="2">gnd</subfield></datafield><datafield ind1=" " ind2="7" tag="651"><subfield code="a">Griechenland</subfield><subfield code="g">Altertum</subfield><subfield code="0">(DE-588)4093976-5</subfield><subfield code="2">gnd</subfield></datafield><datafield ind1=" " ind2=" " tag="690"><subfield code="a">Altertum / Wirkungsgeschichte / Einzelne Sachgebiete</subfield><subfield code="2">uzb-Z9</subfield></datafield><datafield ind1=" " ind2=" " tag="690"><subfield code="a">Musikgeschichte / Einzelne Zeiträume / Neuzeit / 20.Jahrhundert / 1980- ersch.</subfield><subfield code="2">uzb-Z9</subfield></datafield><datafield ind1="4" ind2=" " tag="856"><subfield code="3">Inhaltsverzeichnis</subfield><subfield code="u">http://www.ub.unibas.ch/tox/HBZ/HT014857671/PDF</subfield><subfield code="q">pdf</subfield></datafield><datafield ind1=" " ind2="0" tag="830"><subfield code="a">Thyssen-Vorträge</subfield><subfield code="p">Auseinandersetzungen mit der Antike</subfield><subfield code="v">6</subfield><subfield code="w">(NEBIS)001058341EBI01</subfield></datafield><datafield ind1=" " ind2="0" tag="830"><subfield code="a">Auseinandersetzungen mit der Antike</subfield><subfield code="v">6</subfield><subfield code="w">(RERO)1300680-41slsp</subfield></datafield><datafield ind1=" " ind2="0" tag="830"><subfield code="a">Auseinandersetzungen mit der Antike</subfield><subfield code="v">6</subfield><subfield code="w">(IDSBB)000245788DSV01</subfield></datafield><datafield ind1=" " ind2=" " tag="949"><subfield code="a">http://www.ub.unibas.ch/tox/HBZ/HT014857671/PDF</subfield></datafield></record>
</metadata></record>