<record><header><identifier>oai:alma.41SLSP_UGE:991000010099705502</identifier><datestamp>2023-03-01T01:08:51Z</datestamp><setSpec>uge_bcen_RapidILL_BOOK</setSpec><setSpec>uge_aaca_RapidILL_BOOK</setSpec><setSpec>uge_abels_RapidILL_BOOK</setSpec><setSpec>uge_dbu_RapidILL_BOOK</setSpec><setSpec>uge_cmu_RapidILL_BOOK</setSpec><setSpec>uge_mail_RapidILL_BOOK</setSpec><setSpec>UNIGE_ALL</setSpec><setSpec>uge_abbat_RapidILL_BOOK</setSpec><setSpec>uge_aobs_RapidILL_BOOK</setSpec><setSpec>uge_acar_RapidILL_BOOK</setSpec></header><metadata>
<record xmlns="http://www.loc.gov/MARC21/slim" xmlns:xsi="http://www.w3.org/2001/XMLSchema-instance" xsi:schemaLocation="http://www.loc.gov/MARC21/slim http://www.loc.gov/standards/marcxml/schema/MARC21slim.xsd"><leader>04778nam a2200805 c 4500</leader><controlfield tag="001">991000010099705502</controlfield><controlfield tag="005">20230221203706.0</controlfield><controlfield tag="008">201011s2008    xxu||||| |||| 00| ||eng d</controlfield><datafield ind1=" " ind2=" " tag="010"><subfield code="a">2007049204</subfield></datafield><datafield ind1=" " ind2=" " tag="020"><subfield code="a">9781405152662</subfield><subfield code="q">pbk. : alk. paper</subfield></datafield><datafield ind1="7" ind2=" " tag="024"><subfield code="a">http://catalogue.bnf.fr/ark:/12148/cb41232282s</subfield><subfield code="2">uri</subfield></datafield><datafield ind1=" " ind2=" " tag="035"><subfield code="a">(swissbib)215521625-41slsp_network</subfield></datafield><datafield ind1=" " ind2=" " tag="035"><subfield code="a">215521625</subfield><subfield code="9">ExL</subfield></datafield><datafield ind1=" " ind2=" " tag="035"><subfield code="a">(RERO)R004618448-41slsp</subfield></datafield><datafield ind1=" " ind2=" " tag="035"><subfield code="a">(NEBIS)005505395EBI01</subfield></datafield><datafield ind1=" " ind2=" " tag="035"><subfield code="a">(DNLM)101322336</subfield></datafield><datafield ind1=" " ind2=" " tag="035"><subfield code="a">(EXLNZ-41SLSP_NETWORK)991054624029705501</subfield></datafield><datafield ind1=" " ind2=" " tag="040"><subfield code="a">DNLM/DLC</subfield><subfield code="d">CH-ZuSLS</subfield></datafield><datafield ind1="0" ind2="0" tag="050"><subfield code="a">RJ486.5 $b.C46 2008</subfield></datafield><datafield ind1=" " ind2=" " tag="050"><subfield code="a">RJ486.5</subfield><subfield code="b">.C46 2008</subfield></datafield><datafield ind1="1" ind2="0" tag="060"><subfield code="a">WL 103.5</subfield><subfield code="b">C5356 2008</subfield></datafield><datafield ind1=" " ind2="7" tag="072"><subfield code="a">ps</subfield><subfield code="2">rero</subfield></datafield><datafield ind1="0" ind2="4" tag="082"><subfield code="a">618.92/8</subfield><subfield code="2">22</subfield></datafield><datafield ind1="0" ind2="0" tag="245"><subfield code="a">Child neuropsychology</subfield><subfield code="b">concepts, theory, and practice</subfield><subfield code="c">edited by Jonathan Reed and Jody Warner-Rogers</subfield></datafield><datafield ind1=" " ind2="1" tag="264"><subfield code="a">Malden, MA</subfield><subfield code="b">Blackwell Pub.</subfield><subfield code="c">2008</subfield></datafield><datafield ind1=" " ind2=" " tag="300"><subfield code="a">472 p.</subfield><subfield code="b">ill.</subfield></datafield><datafield ind1=" " ind2=" " tag="336"><subfield code="b">txt</subfield><subfield code="2">rdacontent</subfield></datafield><datafield ind1=" " ind2=" " tag="337"><subfield code="b">n</subfield><subfield code="2">rdamedia</subfield></datafield><datafield ind1=" " ind2=" " tag="338"><subfield code="b">nc</subfield><subfield code="2">rdacarrier</subfield></datafield><datafield ind1=" " ind2=" " tag="504"><subfield code="a">Includes bibliographical references and index</subfield></datafield><datafield ind1="0" ind2=" " tag="505"><subfield code="a">The importance of tracing developmental trajectories for clinical child neuropsychology / Dagmara Annaz, Annette Karmiloff-Smith, and Michael C.S.Thomas -- Child brain development / Hans J. ten Donkelaar -- Genetics of learning abilities and disabilities: implications for cognitive neuroscience and translational research / Yulia Kovas and Robert Plomin -- Brain plasticity: evidence from children with perinatal brain injury / Judy S. Reilly... [et al.] -- Neuroimaging in child and adolescent psychiatric disorders / Paramala J. Santosh and Ruksana Ahmed -- The concept and development of general intellectual ability / Mike Anderson -- The neuropsychology of language development / Frederic Dick, Robert Leech, and Fiona Richardson -- The neuropsychology of visuo-spatial and visuo-motor development / Janette Atkinson and Marko Nardini --</subfield></datafield><datafield ind1="0" ind2=" " tag="505"><subfield code="a">The neuropsychology of children's memory / Arthur MacNeill Horton and Henry Soper -- The neuropsychology of attention development / Maxine Sinclair and Eric Taylor -- Executive functions and development / Clare Hughes and Andrew Graham -- Self-regulation in the developing brain / Rebecca Todd and Marc Lewis -- Social neuroscience / Simon Baron-Cohen and Bhismadev Chakrabarti -- Reading / Usha Goswami -- Developmental dyscalculia / Brian Butterworth -- Neuropsychological assessment in a neurological setting / Ingram Wright and Peta Sharples -- Neuropsychological assessment in child mental health contexts / Ian Frampton -- Applications of neuropsychology in schools / Sue Harrison and Jane Hood -- Neuropsychological assessment in medical contexts / Sarah Helps -- A clinician's guide to child neuropsychological assessment and formulation / Jody Warner Rogers and Jonathan Reed</subfield></datafield><datafield ind1=" " ind2="2" tag="650"><subfield code="a">Child Development</subfield></datafield><datafield ind1=" " ind2="2" tag="650"><subfield code="a">Neuropsychology</subfield></datafield><datafield ind1=" " ind2="2" tag="650"><subfield code="a">Child</subfield></datafield><datafield ind1=" " ind2="2" tag="650"><subfield code="a">Developmental Disabilities</subfield><subfield code="x">physiopathology</subfield></datafield><datafield ind1=" " ind2="2" tag="650"><subfield code="a">Developmental Disabilities</subfield><subfield code="x">psychology</subfield></datafield><datafield ind1=" " ind2="2" tag="650"><subfield code="a">Neuropsychological Tests</subfield></datafield><datafield ind1=" " ind2="7" tag="650"><subfield code="a">Neuropsychologie</subfield><subfield code="0">(IDREF)027241041</subfield><subfield code="2">idref</subfield></datafield><datafield ind1=" " ind2="7" tag="650"><subfield code="a">enfant - développement - troubles</subfield><subfield code="0">(RERO)A010078937</subfield><subfield code="2">rerovoc</subfield></datafield><datafield ind1=" " ind2="7" tag="650"><subfield code="a">Enfants</subfield><subfield code="0">(IDREF)027233278</subfield><subfield code="2">idref</subfield></datafield><datafield ind1=" " ind2="0" tag="650"><subfield code="a">Child neuropsychology</subfield></datafield><datafield ind1=" " ind2="2" tag="650"><subfield code="a">Child</subfield><subfield code="0">(DNLM)D002648</subfield></datafield><datafield ind1=" " ind2="2" tag="650"><subfield code="a">Child Development</subfield><subfield code="0">(DNLM)D002657</subfield></datafield><datafield ind1=" " ind2="2" tag="650"><subfield code="a">Developmental Disabilities</subfield><subfield code="x">physiopathology</subfield><subfield code="0">(DNLM)D002658Q000503</subfield></datafield><datafield ind1=" " ind2="2" tag="650"><subfield code="a">Developmental Disabilities</subfield><subfield code="x">psychology</subfield><subfield code="0">(DNLM)D002658Q000523</subfield></datafield><datafield ind1=" " ind2="2" tag="650"><subfield code="a">Neuropsychological Tests</subfield><subfield code="0">(DNLM)D009483</subfield></datafield><datafield ind1=" " ind2="2" tag="650"><subfield code="a">Neuropsychology</subfield><subfield code="0">(DNLM)D009484</subfield></datafield><datafield ind1=" " ind2="7" tag="650"><subfield code="a">Kind</subfield><subfield code="2">idszbz</subfield></datafield><datafield ind1=" " ind2="7" tag="650"><subfield code="a">Neuropsychologie</subfield><subfield code="2">idszbz</subfield></datafield><datafield ind1=" " ind2="7" tag="650"><subfield code="a">Theorie</subfield><subfield code="2">idszbz</subfield></datafield><datafield ind1=" " ind2="7" tag="650"><subfield code="a">Kinderpsychologie</subfield><subfield code="0">(DE-588)4073410-9</subfield><subfield code="2">gnd</subfield></datafield><datafield ind1=" " ind2="7" tag="650"><subfield code="a">Neuropsychologie</subfield><subfield code="0">(DE-588)4135740-1</subfield><subfield code="2">gnd</subfield></datafield><datafield ind1=" " ind2="0" tag="650"><subfield code="a">Pediatric neuropsychology</subfield></datafield><datafield ind1=" " ind2="7" tag="655"><subfield code="v">Aufsatzsammlung</subfield><subfield code="2">idsmusi</subfield></datafield><datafield ind1=" " ind2=" " tag="690"><subfield code="a">Neuropsychologie</subfield><subfield code="2">nebis-E4</subfield></datafield><datafield ind1=" " ind2=" " tag="690"><subfield code="a">Kinderpsychologie</subfield><subfield code="2">nebis-E4</subfield></datafield><datafield ind1=" " ind2=" " tag="690"><subfield code="a">Aufsatzsammlung</subfield><subfield code="2">ids-music</subfield></datafield><datafield ind1=" " ind2=" " tag="690"><subfield code="a">Entwicklungsstörung</subfield><subfield code="2">nebis-E4</subfield></datafield><datafield ind1=" " ind2=" " tag="690"><subfield code="a">Neurophysiologie</subfield><subfield code="2">nebis-E4</subfield></datafield><datafield ind1=" " ind2=" " tag="690"><subfield code="a">Gehirn</subfield><subfield code="2">nebis-E4</subfield></datafield><datafield ind1=" " ind2=" " tag="690"><subfield code="a">Hirnfunktionsstörung</subfield><subfield code="2">nebis-E4</subfield></datafield><datafield ind1=" " ind2=" " tag="690"><subfield code="a">Test</subfield><subfield code="2">nebis-E4</subfield></datafield><datafield ind1="1" ind2=" " tag="700"><subfield code="a">Warner-Rogers, Jody</subfield><subfield code="0">(IDREF)157456439</subfield></datafield><datafield ind1="1" ind2=" " tag="700"><subfield code="a">Reed, Jonathan</subfield><subfield code="d">1965-</subfield><subfield code="0">(DE-588)136778127</subfield><subfield code="6">880-03</subfield></datafield><datafield ind1="1" ind2=" " tag="880"><subfield code="6">700-03</subfield><subfield code="a">Reed, Jonathan</subfield><subfield code="d">1965-....</subfield><subfield code="0">(IDREF)157456196</subfield></datafield><datafield ind1="4" ind2=" " tag="856"><subfield code="3">Titelblatt und Inhaltsverzeichnis</subfield><subfield code="u">https://toc.library.ethz.ch/objects/pdf/z01_978-1-4051-5266-2_01.pdf</subfield><subfield code="q">pdf</subfield></datafield><datafield ind1=" " ind2=" " tag="900"><subfield code="a">REROnoselfmerge</subfield></datafield><datafield ind1=" " ind2=" " tag="900"><subfield code="a">IDSZ2zbzmon200810f</subfield><subfield code="c">IDSZ2tres</subfield><subfield code="d">IDSZ2zbzswk200811b</subfield><subfield code="e">IDSZ2bisg</subfield></datafield><datafield ind1=" " ind2=" " tag="911"><subfield code="a">700</subfield><subfield code="a">Reed, Jonathan</subfield><subfield code="d">1965-</subfield></datafield><datafield ind1=" " ind2=" " tag="949"><subfield code="a">https://toc.library.ethz.ch/objects/pdf/z01_978-1-4051-5266-2_01.pdf</subfield></datafield></record>
</metadata></record>