<record><header><identifier>oai:alma.41SLSP_UGE:991000009369705502</identifier><datestamp>2024-10-10T00:07:47Z</datestamp><setSpec>uge_bcen_RapidILL_BOOK</setSpec><setSpec>uge_aaca_RapidILL_BOOK</setSpec><setSpec>uge_abels_RapidILL_BOOK</setSpec><setSpec>uge_dbu_RapidILL_BOOK</setSpec><setSpec>uge_cmu_RapidILL_BOOK</setSpec><setSpec>uge_mail_RapidILL_BOOK</setSpec><setSpec>uge_abbat_RapidILL_BOOK</setSpec><setSpec>UNIGE_ALL</setSpec><setSpec>uge_acar_RapidILL_BOOK</setSpec><setSpec>uge_aobs_RapidILL_BOOK</setSpec></header><metadata>
<record xmlns="http://www.loc.gov/MARC21/slim" xmlns:xsi="http://www.w3.org/2001/XMLSchema-instance" xsi:schemaLocation="http://www.loc.gov/MARC21/slim http://www.loc.gov/standards/marcxml/schema/MARC21slim.xsd"><leader>02124nam a2200553 c 4500</leader><controlfield tag="001">991000009369705502</controlfield><controlfield tag="005">20230502184829.0</controlfield><controlfield tag="008">201012s2002    it            10| | ita  </controlfield><datafield ind1=" " ind2=" " tag="020"><subfield code="a">8879610155</subfield><subfield code="c">60.00 EUR.</subfield></datafield><datafield ind1=" " ind2=" " tag="035"><subfield code="a">(swissbib)239539621-41slsp_network</subfield></datafield><datafield ind1=" " ind2=" " tag="035"><subfield code="a">239539621</subfield><subfield code="9">ExL</subfield></datafield><datafield ind1=" " ind2=" " tag="035"><subfield code="a">(NEBIS)004466236EBI01</subfield></datafield><datafield ind1=" " ind2=" " tag="035"><subfield code="a">(RERO)R003185618-41slsp</subfield></datafield><datafield ind1=" " ind2=" " tag="035"><subfield code="a">(EXLNZ-41SLSP_NETWORK)991124938229705501</subfield></datafield><datafield ind1=" " ind2=" " tag="040"><subfield code="a">ItFiC</subfield><subfield code="d">CH-ZuSLS</subfield></datafield><datafield ind1="0" ind2=" " tag="041"><subfield code="a">ita</subfield><subfield code="a">eng</subfield><subfield code="a">fre</subfield><subfield code="a">ger</subfield><subfield code="a">spa</subfield></datafield><datafield ind1=" " ind2=" " tag="050"><subfield code="a">BV</subfield></datafield><datafield ind1=" " ind2="7" tag="072"><subfield code="a">th</subfield><subfield code="2">rero</subfield></datafield><datafield ind1="0" ind2="4" tag="082"><subfield code="a">262.5</subfield></datafield><datafield ind1="0" ind2="4" tag="082"><subfield code="a">262</subfield></datafield><datafield ind1="1" ind2="4" tag="082"><subfield code="a">262</subfield></datafield><datafield ind1="0" ind2="0" tag="245"><subfield code="a">&lt;&lt;I&gt;&gt; concili della cristianità occidentale</subfield><subfield code="b">secoli III-V</subfield><subfield code="c">XXX Incontro di studiosi dell'antichità cristiana, Roma, 3-5 maggio 2001</subfield></datafield><datafield ind1=" " ind2="1" tag="264"><subfield code="a">Roma</subfield><subfield code="b">Institutum Patristicum Augustinianum</subfield><subfield code="c">2002</subfield></datafield><datafield ind1=" " ind2=" " tag="300"><subfield code="a">663 p.</subfield><subfield code="c">24 cm</subfield></datafield><datafield ind1=" " ind2=" " tag="336"><subfield code="b">txt</subfield><subfield code="2">rdacontent</subfield></datafield><datafield ind1=" " ind2=" " tag="337"><subfield code="b">n</subfield><subfield code="2">rdamedia</subfield></datafield><datafield ind1=" " ind2=" " tag="338"><subfield code="b">nc</subfield><subfield code="2">rdacarrier</subfield></datafield><datafield ind1="1" ind2=" " tag="490"><subfield code="a">Studia ephemeridis Augustinianum</subfield><subfield code="v">78</subfield></datafield><datafield ind1=" " ind2=" " tag="500"><subfield code="a">Proceedings</subfield></datafield><datafield ind1=" " ind2=" " tag="500"><subfield code="a">Texts in English, French, German, Spanish or Italian</subfield></datafield><datafield ind1=" " ind2=" " tag="504"><subfield code="a">Contains bibliographical references, notes and name index</subfield></datafield><datafield ind1=" " ind2="7" tag="648"><subfield code="a">Geschichte 200-300</subfield><subfield code="2">idszbz</subfield></datafield><datafield ind1=" " ind2="7" tag="648"><subfield code="a">Geschichte 240-500</subfield><subfield code="2">idszbz</subfield></datafield><datafield ind1=" " ind2="7" tag="648"><subfield code="a">Geschichte 300-400</subfield><subfield code="2">idszbz</subfield></datafield><datafield ind1=" " ind2="7" tag="648"><subfield code="a">Geschichte 400-500</subfield><subfield code="2">idszbz</subfield></datafield><datafield ind1=" " ind2="7" tag="650"><subfield code="a">Konzil</subfield><subfield code="2">idszbz</subfield></datafield><datafield ind1=" " ind2="7" tag="650"><subfield code="a">Kirchengeschichte</subfield><subfield code="0">(DE-588)4030720-7</subfield><subfield code="2">gnd</subfield></datafield><datafield ind1=" " ind2="0" tag="650"><subfield code="a">Councils and synods</subfield><subfield code="x">History</subfield><subfield code="y">To 1500</subfield><subfield code="v">Congresses</subfield></datafield><datafield ind1=" " ind2="7" tag="650"><subfield code="a">concile</subfield><subfield code="0">(RERO)A010067453</subfield><subfield code="2">rerovoc</subfield></datafield><datafield ind1=" " ind2="7" tag="650"><subfield code="a">3e siècle-5e siècle</subfield><subfield code="2">idref</subfield></datafield><datafield ind1=" " ind2="7" tag="651"><subfield code="a">Europa</subfield><subfield code="0">(DE-588)4015701-5</subfield><subfield code="2">gnd</subfield></datafield><datafield ind1=" " ind2="7" tag="651"><subfield code="a">Occident</subfield><subfield code="0">(IDREF)097857300</subfield><subfield code="2">idref</subfield></datafield><datafield ind1=" " ind2="7" tag="655"><subfield code="a">Aufsatzsammlung</subfield><subfield code="2">idszbz</subfield></datafield><datafield ind1=" " ind2="7" tag="655"><subfield code="a">Konferenzschrift</subfield><subfield code="z">Roma</subfield><subfield code="y">2001</subfield><subfield code="2">gnd-content</subfield></datafield><datafield ind1=" " ind2="7" tag="655"><subfield code="a">Actes de congrès</subfield><subfield code="0">(IDREF)02886431X</subfield><subfield code="2">idref</subfield></datafield><datafield ind1="2" ind2=" " tag="711"><subfield code="a">Incontro di studiosi dell'antichità cristiana</subfield><subfield code="n">30</subfield><subfield code="d">2001</subfield><subfield code="c">Roma</subfield><subfield code="0">(RERO)A012532874</subfield></datafield><datafield ind1="2" ind2=" " tag="711"><subfield code="a">Incontro di studiosi dell'Antichità Cristiana</subfield><subfield code="0">(DE-588)243500-7</subfield></datafield><datafield ind1=" " ind2=" " tag="830"><subfield code="a">Studia ephemeridis &quot;Augustinianum&quot;</subfield><subfield code="v">78</subfield><subfield code="w">(RERO)0430597-41slsp</subfield></datafield><datafield ind1=" " ind2=" " tag="900"><subfield code="a">IDSZ2zbzmon200304f</subfield><subfield code="c">IDSZ2hilb</subfield><subfield code="d">IDSZ2zbzswk200305b</subfield><subfield code="e">IDSZ2haag</subfield></datafield><datafield ind1=" " ind2=" " tag="900"><subfield code="a">REROnoselfmerge</subfield></datafield></record>
</metadata></record>