<record><header><identifier>oai:alma.41SLSP_UGE:991000009809705502</identifier><datestamp>2023-03-01T01:08:51Z</datestamp><setSpec>UNIGE_ALL</setSpec></header><metadata>
<record xmlns="http://www.loc.gov/MARC21/slim" xmlns:xsi="http://www.w3.org/2001/XMLSchema-instance" xsi:schemaLocation="http://www.loc.gov/MARC21/slim http://www.loc.gov/standards/marcxml/schema/MARC21slim.xsd"><leader>01717njm a2200385 c 4500</leader><controlfield tag="001">991000009809705502</controlfield><controlfield tag="005">20211121165851.0</controlfield><controlfield tag="007">sd f||g|||||||</controlfield><controlfield tag="008">061207s2006    sw ||n |            ger d</controlfield><datafield ind1="0" ind2="2" tag="028"><subfield code="a">BIS SACD 1481</subfield></datafield><datafield ind1=" " ind2=" " tag="035"><subfield code="a">(swissbib)104496312-41slsp_network</subfield></datafield><datafield ind1=" " ind2=" " tag="035"><subfield code="a">104496312</subfield><subfield code="9">ExL</subfield></datafield><datafield ind1=" " ind2=" " tag="035"><subfield code="a">(RERO)R004289473-41slsp</subfield></datafield><datafield ind1=" " ind2=" " tag="035"><subfield code="a">(EXLNZ-41SLSP_NETWORK)991056329549705501</subfield></datafield><datafield ind1=" " ind2=" " tag="040"><subfield code="a">RERO labcur</subfield><subfield code="d">CH-ZuSLS</subfield></datafield><datafield ind1=" " ind2="7" tag="072"><subfield code="a">mu</subfield><subfield code="2">rero</subfield></datafield><datafield ind1="1" ind2=" " tag="100"><subfield code="a">Bach, Johann Sebastian</subfield><subfield code="d">1685-1750</subfield><subfield code="0">(IDREF)026699656</subfield><subfield code="4">cre</subfield></datafield><datafield ind1="1" ind2="0" tag="245"><subfield code="a">Cantatas</subfield><subfield code="n">Vol. 31</subfield><subfield code="c">Johann Sebastian Bach</subfield></datafield><datafield ind1=" " ind2="1" tag="264"><subfield code="a">Åkersberga</subfield><subfield code="b">BIS Records</subfield><subfield code="c">2006</subfield></datafield><datafield ind1=" " ind2=" " tag="300"><subfield code="a">1 Super Audio CD</subfield><subfield code="b">stéréo</subfield><subfield code="e">1 livret (35 p.)</subfield></datafield><datafield ind1=" " ind2=" " tag="336"><subfield code="b">prm</subfield><subfield code="2">rdacontent</subfield></datafield><datafield ind1=" " ind2=" " tag="337"><subfield code="b">s</subfield><subfield code="2">rdamedia</subfield></datafield><datafield ind1=" " ind2=" " tag="338"><subfield code="b">sd</subfield><subfield code="2">rdacarrier</subfield></datafield><datafield ind1="0" ind2=" " tag="490"><subfield code="a">Bach collection Japan</subfield></datafield><datafield ind1=" " ind2=" " tag="500"><subfield code="a">La couverture du texte d'accompagnement porte également: Ich freue mich in dir : cantatas 91, 101, 121, 133</subfield></datafield><datafield ind1="0" ind2=" " tag="505"><subfield code="a">Gelobet seist du, Jesu Christ : BWV 91 ; Nimm von uns, Herr, du treuer Gott : BWV 101 ; Christum wir sollen loben schon : BWV 121 ; Ich freue mich in dir : BWV 133</subfield></datafield><datafield ind1="0" ind2=" " tag="511"><subfield code="a">Suzuki, Masaaki (direction) ; Nonoshita, Yukari (soprano) ; Blaze, Robin (contre-ténor) ; Türk, Gerd (ténor) ; Kooy, Peter (basse) ; Concerto Palatino ; Bach Collegium Japan</subfield></datafield><datafield ind1="1" ind2=" " tag="700"><subfield code="a">Suzuki, Masaaki</subfield><subfield code="c">musicien</subfield><subfield code="d">1954-....</subfield><subfield code="0">(IDREF)087558092</subfield></datafield><datafield ind1="1" ind2=" " tag="700"><subfield code="a">Nonoshita, Yukari</subfield><subfield code="0">(RERO)A009489097</subfield></datafield><datafield ind1="1" ind2=" " tag="700"><subfield code="a">Türk, Gerd</subfield><subfield code="0">(RERO)A003917100</subfield></datafield><datafield ind1="1" ind2=" " tag="700"><subfield code="a">Kooy, Peter</subfield><subfield code="d">1954-....</subfield><subfield code="0">(IDREF)096141484</subfield></datafield><datafield ind1="1" ind2=" " tag="700"><subfield code="a">Blaze, Robin</subfield><subfield code="d">1971-....</subfield><subfield code="0">(IDREF)158746260</subfield></datafield><datafield ind1="2" ind2=" " tag="710"><subfield code="a">Concerto Palatino</subfield><subfield code="0">(IDREF)077757769</subfield></datafield><datafield ind1="2" ind2=" " tag="710"><subfield code="a">Bach collegium Japan</subfield><subfield code="0">(IDREF)097871389</subfield></datafield><datafield ind1="1" ind2=" " tag="800"><subfield code="a">Bach, Johann Sebastian</subfield><subfield code="t">Cantatas</subfield><subfield code="v">31</subfield></datafield><datafield ind1=" " ind2=" " tag="900"><subfield code="a">REROnoselfmerge</subfield></datafield><datafield ind1=" " ind2=" " tag="960"><subfield code="2">matmu</subfield><subfield code="a">Allemagne ; XVIIe-XVIIIe ; Baroque ; Cantates ; Musique sacrée</subfield><subfield code="9">LOCAL</subfield></datafield></record>
</metadata></record>