<record><header><identifier>oai:alma.41SLSP_UGE:991000010009705502</identifier><datestamp>2023-03-01T01:08:51Z</datestamp><setSpec>UNIGE_ALL</setSpec></header><metadata>
<record xmlns="http://www.loc.gov/MARC21/slim" xmlns:xsi="http://www.w3.org/2001/XMLSchema-instance" xsi:schemaLocation="http://www.loc.gov/MARC21/slim http://www.loc.gov/standards/marcxml/schema/MARC21slim.xsd"><leader>01682ngm a2200421 c 4500</leader><controlfield tag="001">991000010009705502</controlfield><controlfield tag="005">20211110195257.0</controlfield><controlfield tag="007">vd |v||||</controlfield><controlfield tag="008">070828s2007    gw ||| |          v|ger d</controlfield><datafield ind1="4" ind2="2" tag="028"><subfield code="a">0040 073 4339</subfield></datafield><datafield ind1=" " ind2=" " tag="035"><subfield code="a">(swissbib)105743267-41slsp_network</subfield></datafield><datafield ind1=" " ind2=" " tag="035"><subfield code="a">105743267</subfield><subfield code="9">ExL</subfield></datafield><datafield ind1=" " ind2=" " tag="035"><subfield code="a">(RERO)R004534067-41slsp</subfield></datafield><datafield ind1=" " ind2=" " tag="035"><subfield code="a">(EXLNZ-41SLSP_NETWORK)991111194809705501</subfield></datafield><datafield ind1=" " ind2=" " tag="040"><subfield code="a">RERO vsbcvs</subfield><subfield code="d">CH-ZuSLS</subfield></datafield><datafield ind1=" " ind2="7" tag="072"><subfield code="a">mu</subfield><subfield code="2">rero</subfield></datafield><datafield ind1="1" ind2=" " tag="100"><subfield code="a">Strauss, Richard</subfield><subfield code="d">1864-1949</subfield><subfield code="0">(IDREF)079207006</subfield><subfield code="4">cre</subfield></datafield><datafield ind1="1" ind2="0" tag="245"><subfield code="a">Salome</subfield><subfield code="c">Richard Strauss ; dir. by Götz Friedrich</subfield></datafield><datafield ind1=" " ind2="1" tag="264"><subfield code="a">Hamburg</subfield><subfield code="b">Deutsche Grammophon</subfield><subfield code="c">2007</subfield></datafield><datafield ind1=" " ind2=" " tag="300"><subfield code="a">1 DVD-vidéo</subfield><subfield code="e">1 livret (28 p.)</subfield></datafield><datafield ind1=" " ind2=" " tag="336"><subfield code="b">tdi</subfield><subfield code="2">rdacontent</subfield></datafield><datafield ind1=" " ind2=" " tag="337"><subfield code="b">v</subfield><subfield code="2">rdamedia</subfield></datafield><datafield ind1=" " ind2=" " tag="338"><subfield code="b">vd</subfield><subfield code="2">rdacarrier</subfield></datafield><datafield ind1=" " ind2=" " tag="500"><subfield code="a">A prod. Unitel Munich, cop. 1974</subfield></datafield><datafield ind1=" " ind2=" " tag="500"><subfield code="a">Ecran 4:3 NTSC (zone 0)</subfield></datafield><datafield ind1=" " ind2=" " tag="500"><subfield code="a">Chanté en allemand. Choix de sous-titres: Allemand, anglais, français, espanol, chinois</subfield></datafield><datafield ind1=" " ind2=" " tag="500"><subfield code="a">Durée: ca. 101 min.</subfield></datafield><datafield ind1=" " ind2=" " tag="500"><subfield code="a">Filmed at Vienna, Ateleir Wien-Film, July-August 1974</subfield></datafield><datafield ind1=" " ind2=" " tag="500"><subfield code="a">La couv. porte: Unitel Classica</subfield></datafield><datafield ind1="0" ind2=" " tag="511"><subfield code="a">Wiener Philharmoniker (orch.) ; Böhm, Karl (dir.) ; Stratas, Teresa (Salome) ; Weikl, Bernd (Jochanann) ; Varnay, Astrid (Herodias) ; Beirer, Hans (Herodes)</subfield></datafield><datafield ind1="1" ind2="2" tag="700"><subfield code="a">Strauss, Richard</subfield><subfield code="d">1864-1949</subfield><subfield code="t">Salome</subfield></datafield><datafield ind1="1" ind2=" " tag="700"><subfield code="a">Böhm, Karl</subfield><subfield code="d">1894-1981</subfield><subfield code="0">(IDREF)026727102</subfield></datafield><datafield ind1="1" ind2=" " tag="700"><subfield code="a">Friedrich, Götz</subfield><subfield code="0">(RERO)A003265066</subfield></datafield><datafield ind1="1" ind2=" " tag="700"><subfield code="a">Stratas, Teresa</subfield><subfield code="0">(RERO)A003868821</subfield></datafield><datafield ind1="1" ind2=" " tag="700"><subfield code="a">Weikl, Bernd</subfield><subfield code="d">1942-....</subfield><subfield code="0">(IDREF)135297443</subfield></datafield><datafield ind1="1" ind2=" " tag="700"><subfield code="a">Varnay, Astrid</subfield><subfield code="d">1918-2006</subfield><subfield code="0">(IDREF)078052505</subfield></datafield><datafield ind1="1" ind2=" " tag="700"><subfield code="a">Beirer, Hans</subfield><subfield code="d">1911-1993</subfield><subfield code="0">(IDREF)149494289</subfield></datafield><datafield ind1="2" ind2=" " tag="710"><subfield code="a">Wiener Philharmoniker</subfield><subfield code="0">(IDREF)031837700</subfield></datafield><datafield ind1=" " ind2=" " tag="900"><subfield code="a">REROnoselfmerge</subfield></datafield></record>
</metadata></record>