<record><header><identifier>oai:alma.41SLSP_UGE:991000009799705502</identifier><datestamp>2023-07-03T00:41:50Z</datestamp><setSpec>uge_bcen_RapidILL_BOOK</setSpec><setSpec>uge_aaca_RapidILL_BOOK</setSpec><setSpec>uge_abels_RapidILL_BOOK</setSpec><setSpec>uge_dbu_RapidILL_BOOK</setSpec><setSpec>uge_cmu_RapidILL_BOOK</setSpec><setSpec>uge_mail_RapidILL_BOOK</setSpec><setSpec>uge_abbat_RapidILL_BOOK</setSpec><setSpec>UNIGE_ALL</setSpec><setSpec>uge_acar_RapidILL_BOOK</setSpec><setSpec>uge_aobs_RapidILL_BOOK</setSpec></header><metadata>
<record xmlns="http://www.loc.gov/MARC21/slim" xmlns:xsi="http://www.w3.org/2001/XMLSchema-instance" xsi:schemaLocation="http://www.loc.gov/MARC21/slim http://www.loc.gov/standards/marcxml/schema/MARC21slim.xsd"><leader>02819nam a2200433 c 4500</leader><controlfield tag="001">991000009799705502</controlfield><controlfield tag="005">20230702060846.0</controlfield><controlfield tag="008">201012s1998    xxk||||| |||| 00| ||eng d</controlfield><datafield ind1=" " ind2=" " tag="020"><subfield code="a">1858988160</subfield><subfield code="q">hbk.</subfield></datafield><datafield ind1=" " ind2=" " tag="035"><subfield code="a">(swissbib)239355865-41slsp_network</subfield></datafield><datafield ind1=" " ind2=" " tag="035"><subfield code="a">239355865</subfield><subfield code="9">ExL</subfield></datafield><datafield ind1=" " ind2=" " tag="035"><subfield code="a">(RERO)R239950760-41slsp</subfield></datafield><datafield ind1=" " ind2=" " tag="035"><subfield code="a">(IDSSG)000660174HSB01</subfield></datafield><datafield ind1=" " ind2=" " tag="035"><subfield code="a">(EXLNZ-41SLSP_NETWORK)991036597919705501</subfield></datafield><datafield ind1=" " ind2=" " tag="040"><subfield code="a">RERO laidap</subfield><subfield code="d">CH-ZuSLS</subfield></datafield><datafield ind1=" " ind2="7" tag="072"><subfield code="a">so</subfield><subfield code="2">rero</subfield></datafield><datafield ind1=" " ind2="7" tag="072"><subfield code="a">sp</subfield><subfield code="2">rero</subfield></datafield><datafield ind1="1" ind2=" " tag="100"><subfield code="a">Castles, Francis Geoffrey</subfield><subfield code="c">politiste</subfield><subfield code="d">1943-....</subfield><subfield code="0">(IDREF)032209657</subfield><subfield code="4">cre</subfield></datafield><datafield ind1="1" ind2="0" tag="245"><subfield code="a">Comparative public policy</subfield><subfield code="b">patterns of post-war transformation</subfield><subfield code="c">Francis G. Castles</subfield></datafield><datafield ind1=" " ind2="1" tag="264"><subfield code="a">Cheltenham</subfield><subfield code="a">Northampton Mass.</subfield><subfield code="b">E. Elgar</subfield><subfield code="c">[1998]</subfield></datafield><datafield ind1=" " ind2="4" tag="264"><subfield code="c">© 1998</subfield></datafield><datafield ind1=" " ind2=" " tag="300"><subfield code="a">XI, 352 p.</subfield><subfield code="b">fig., tabl.</subfield><subfield code="c">24 cm</subfield></datafield><datafield ind1=" " ind2=" " tag="336"><subfield code="b">txt</subfield><subfield code="2">rdacontent</subfield></datafield><datafield ind1=" " ind2=" " tag="337"><subfield code="b">n</subfield><subfield code="2">rdamedia</subfield></datafield><datafield ind1=" " ind2=" " tag="338"><subfield code="b">nc</subfield><subfield code="2">rdacarrier</subfield></datafield><datafield ind1=" " ind2="7" tag="650"><subfield code="a">institutions politiques - changement</subfield><subfield code="0">(RERO)A010099067</subfield><subfield code="2">rerovoc</subfield></datafield><datafield ind1=" " ind2="7" tag="650"><subfield code="a">Politique publique</subfield><subfield code="0">(IDREF)028693264</subfield><subfield code="2">idref</subfield></datafield><datafield ind1=" " ind2="7" tag="650"><subfield code="a">1945-1995</subfield><subfield code="2">rero</subfield></datafield><datafield ind1=" " ind2="7" tag="650"><subfield code="a">changement économique</subfield><subfield code="0">(RERO)A009974021</subfield><subfield code="2">rerovoc</subfield></datafield><datafield ind1=" " ind2="7" tag="650"><subfield code="a">Changement social</subfield><subfield code="0">(IDREF)027285626</subfield><subfield code="2">idref</subfield></datafield><datafield ind1=" " ind2="7" tag="650"><subfield code="a">Politische Planung</subfield><subfield code="0">(DE-588)4115587-7</subfield><subfield code="2">gnd</subfield></datafield><datafield ind1=" " ind2="7" tag="650"><subfield code="a">Politikfeldanalyse</subfield><subfield code="0">(DE-588)4136709-1</subfield><subfield code="2">gnd</subfield></datafield><datafield ind1=" " ind2="7" tag="650"><subfield code="a">Internationaler Vergleich</subfield><subfield code="0">(DE-588)4120509-1</subfield><subfield code="2">gnd</subfield></datafield><datafield ind1=" " ind2=" " tag="690"><subfield code="a">Regierung; mathematische Transformation; Sozialstaat; Wirtschaftswachstum; Demokratisierung; Forschung; Gesundheitskosten; Konsumausgabe; Urbanisierung; Verzeichnis; Einnahmen; Arbeitsmarkt; Erwerbstätigkeit; Konvergenz; Verfassung; Berufsstruktur; Institution; Moderne; Ideologie; Logik; Entwicklungskonvergenz; Arbeitslosigkeit; Fruchtbarkeit; Politikwissenschaft; Abbildung; Erbe; Index; Komparativ; Volk; Zukunft; Cheltenham; School; Sozialversicherung; Wohneigentum; Elgar; Hochschullehrer; Sense; Vertrag; Vi</subfield><subfield code="2">idssg-J</subfield></datafield><datafield ind1=" " ind2=" " tag="690"><subfield code="a">Gesamtausgabe; Gesamteinnahme; Klassenpolitik; Abbildungsverzeichnis; Nachkriegswirtschaftswachstum; Tabellenverzeichnis; Amtszeit; Familienangelegenheit</subfield><subfield code="2">idssg-J</subfield></datafield><datafield ind1=" " ind2=" " tag="690"><subfield code="a">zivile Konsumausgabe; gebrochene Moderne; große Regierung; männliche Erwerbsbeteiligung; religiöser Faktor; vergleichende Policy; zweiter Weltkrieg; öffentlich Eduction; öffentliche Gesundheitsausgabe; öffentliche Konsumausgabe; öffentliche Ordnung</subfield><subfield code="2">idssg-J</subfield></datafield><datafield ind1=" " ind2=" " tag="690"><subfield code="a">Australien C8AUST; Vereinigte Staaten C1USA; Großbritannien C4EUUK</subfield><subfield code="2">idssg-J</subfield></datafield><datafield ind1=" " ind2=" " tag="690"><subfield code="a">Nachkriegs Transformation Francis Castles Professor; Nachkriegs Transformation Komparativ Public; Research School of Social Sciences Australian; School of Social Sciences; University Australien Edward Elgar Cheltenham; vergleichend Policy Muster</subfield><subfield code="2">idssg-J</subfield></datafield><datafield ind1="4" ind2=" " tag="856"><subfield code="u">https://tools.unisg.ch/url/hm00427585</subfield><subfield code="z">Inhaltsverzeichnis</subfield></datafield><datafield ind1=" " ind2=" " tag="949"><subfield code="a">https://tools.unisg.ch/url/hm00427585</subfield></datafield></record>
</metadata></record>