<record><header><identifier>oai:alma.41SLSP_UGE:991000009509705502</identifier><datestamp>2023-04-10T00:46:07Z</datestamp><setSpec>uge_bcen_RapidILL_BOOK</setSpec><setSpec>uge_aaca_RapidILL_BOOK</setSpec><setSpec>uge_abels_RapidILL_BOOK</setSpec><setSpec>uge_dbu_RapidILL_BOOK</setSpec><setSpec>uge_cmu_RapidILL_BOOK</setSpec><setSpec>uge_mail_RapidILL_BOOK</setSpec><setSpec>uge_abbat_RapidILL_BOOK</setSpec><setSpec>UNIGE_ALL</setSpec><setSpec>uge_aobs_RapidILL_BOOK</setSpec><setSpec>uge_acar_RapidILL_BOOK</setSpec></header><metadata>
<record xmlns="http://www.loc.gov/MARC21/slim" xmlns:xsi="http://www.w3.org/2001/XMLSchema-instance" xsi:schemaLocation="http://www.loc.gov/MARC21/slim http://www.loc.gov/standards/marcxml/schema/MARC21slim.xsd"><leader>02743nam a2200721 c 4500</leader><controlfield tag="001">991000009509705502</controlfield><controlfield tag="005">20230228185720.0</controlfield><controlfield tag="008">201011s1993    xxk||||| |||| 00| ||eng d</controlfield><datafield ind1=" " ind2=" " tag="020"><subfield code="a">1853831522</subfield></datafield><datafield ind1="7" ind2=" " tag="024"><subfield code="a">http://catalogue.bnf.fr/ark:/12148/cb37445429w</subfield><subfield code="2">uri</subfield></datafield><datafield ind1=" " ind2=" " tag="035"><subfield code="a">(swissbib)227472764-41slsp_network</subfield></datafield><datafield ind1=" " ind2=" " tag="035"><subfield code="a">227472764</subfield><subfield code="9">ExL</subfield></datafield><datafield ind1=" " ind2=" " tag="035"><subfield code="a">(RERO)1666014-41slsp</subfield></datafield><datafield ind1=" " ind2=" " tag="035"><subfield code="a">(IDSSG)000072177HSB01</subfield></datafield><datafield ind1=" " ind2=" " tag="035"><subfield code="a">(NEBIS)001337235EBI01</subfield></datafield><datafield ind1=" " ind2=" " tag="035"><subfield code="a">(EXLNZ-41SLSP_NETWORK)991100989719705501</subfield></datafield><datafield ind1=" " ind2=" " tag="040"><subfield code="a">RERO neuses</subfield><subfield code="d">CH-ZuSLS</subfield></datafield><datafield ind1=" " ind2="7" tag="072"><subfield code="a">se</subfield><subfield code="2">rero</subfield></datafield><datafield ind1="0" ind2="4" tag="082"><subfield code="a">338.1</subfield><subfield code="2">22</subfield></datafield><datafield ind1="0" ind2="4" tag="082"><subfield code="a">631.584</subfield><subfield code="2">22</subfield></datafield><datafield ind1="0" ind2="4" tag="082"><subfield code="a">333.7</subfield><subfield code="2">20</subfield></datafield><datafield ind1="0" ind2="4" tag="082"><subfield code="a">301.3</subfield><subfield code="b">P359ec</subfield></datafield><datafield ind1="0" ind2="4" tag="082"><subfield code="a">304.2</subfield></datafield><datafield ind1="1" ind2="4" tag="082"><subfield code="a">333.7</subfield><subfield code="2">22</subfield></datafield><datafield ind1="1" ind2="4" tag="082"><subfield code="a">338.1</subfield><subfield code="2">12</subfield></datafield><datafield ind1="1" ind2=" " tag="100"><subfield code="a">Pearce, David William</subfield><subfield code="c">professeur d'économie</subfield><subfield code="d">1941-....</subfield><subfield code="0">(IDREF)031475388</subfield><subfield code="4">cre</subfield></datafield><datafield ind1="1" ind2="0" tag="245"><subfield code="a">Economic values and the natural world</subfield><subfield code="c">David Pearce</subfield></datafield><datafield ind1=" " ind2="1" tag="264"><subfield code="a">London</subfield><subfield code="b">Earthscan</subfield><subfield code="b">CSERGE</subfield><subfield code="c">1993</subfield></datafield><datafield ind1=" " ind2=" " tag="300"><subfield code="a">XI, 129 p.</subfield><subfield code="b">ill.</subfield><subfield code="c">22 cm</subfield></datafield><datafield ind1=" " ind2=" " tag="336"><subfield code="b">txt</subfield><subfield code="2">rdacontent</subfield></datafield><datafield ind1=" " ind2=" " tag="337"><subfield code="b">n</subfield><subfield code="2">rdamedia</subfield></datafield><datafield ind1=" " ind2=" " tag="338"><subfield code="b">nc</subfield><subfield code="2">rdacarrier</subfield></datafield><datafield ind1="1" ind2=" " tag="490"><subfield code="a">An Earthscan original. Economics/environment/development</subfield></datafield><datafield ind1=" " ind2=" " tag="500"><subfield code="a">Unten auf der Titelseite: CSERGE</subfield></datafield><datafield ind1=" " ind2=" " tag="504"><subfield code="a">Literaturverz.: S. 119-124</subfield></datafield><datafield ind1=" " ind2="7" tag="650"><subfield code="a">économie - évaluation</subfield><subfield code="0">(RERO)A010077418</subfield><subfield code="2">rerovoc</subfield></datafield><datafield ind1=" " ind2="7" tag="650"><subfield code="a">Environnement</subfield><subfield code="0">(IDREF)027772616</subfield><subfield code="2">idref</subfield></datafield><datafield ind1=" " ind2="7" tag="650"><subfield code="a">Valeur</subfield><subfield code="0">(IDREF)027482006</subfield><subfield code="2">idref</subfield></datafield><datafield ind1=" " ind2="7" tag="650"><subfield code="a">Umweltpolitik</subfield><subfield code="0">(DE-588)4078523-3</subfield><subfield code="2">gnd</subfield></datafield><datafield ind1=" " ind2="7" tag="650"><subfield code="a">Natürliche Ressourcen</subfield><subfield code="0">(DE-588)4075236-7</subfield><subfield code="2">gnd</subfield></datafield><datafield ind1=" " ind2="7" tag="650"><subfield code="a">Bewertung</subfield><subfield code="0">(DE-588)4006340-9</subfield><subfield code="2">gnd</subfield></datafield><datafield ind1=" " ind2="7" tag="650"><subfield code="a">Umweltökonomie</subfield><subfield code="0">(DE-588)4061638-1</subfield><subfield code="2">gnd</subfield></datafield><datafield ind1=" " ind2="7" tag="650"><subfield code="a">Landwirtschaft</subfield><subfield code="0">(DE-588)4034402-2</subfield><subfield code="2">gnd</subfield></datafield><datafield ind1=" " ind2="7" tag="650"><subfield code="a">Werttheorie</subfield><subfield code="2">idszbz</subfield></datafield><datafield ind1=" " ind2="7" tag="650"><subfield code="a">Agrarpolitik</subfield><subfield code="0">(DE-588)4000771-6</subfield><subfield code="2">gnd</subfield></datafield><datafield ind1=" " ind2="7" tag="650"><subfield code="a">Natürliche Ressourcen</subfield><subfield code="2">idszbz</subfield></datafield><datafield ind1=" " ind2="7" tag="650"><subfield code="a">Umweltschutzkosten</subfield><subfield code="0">(DE-588)4055735-2</subfield><subfield code="2">gnd</subfield></datafield><datafield ind1=" " ind2="7" tag="650"><subfield code="a">Umweltverträglichkeit</subfield><subfield code="0">(DE-588)4061655-1</subfield><subfield code="2">gnd</subfield></datafield><datafield ind1=" " ind2="7" tag="650"><subfield code="a">Wirtschaftspolitik</subfield><subfield code="0">(DE-588)4066493-4</subfield><subfield code="2">gnd</subfield></datafield><datafield ind1=" " ind2="0" tag="650"><subfield code="a">Environmental policy</subfield></datafield><datafield ind1=" " ind2="0" tag="650"><subfield code="a">Environmental policy</subfield><subfield code="x">Economic aspects</subfield></datafield><datafield ind1=" " ind2="0" tag="650"><subfield code="a">Natural resources</subfield></datafield><datafield ind1=" " ind2="0" tag="650"><subfield code="a">Sustainable agriculture</subfield></datafield><datafield ind1=" " ind2="0" tag="650"><subfield code="a">Sustainable agriculture</subfield><subfield code="x">Government policy</subfield></datafield><datafield ind1=" " ind2="0" tag="650"><subfield code="a">Sustainable development</subfield></datafield><datafield ind1=" " ind2="7" tag="650"><subfield code="a">NATÜRLICHE RESSOURCEN</subfield><subfield code="9">ger</subfield><subfield code="0">(ETHUDK)000010313</subfield><subfield code="2">ethudk</subfield></datafield><datafield ind1=" " ind2="7" tag="650"><subfield code="a">RENTABILITÄT</subfield><subfield code="9">ger</subfield><subfield code="0">(ETHUDK)000010302</subfield><subfield code="2">ethudk</subfield></datafield><datafield ind1=" " ind2="7" tag="651"><subfield code="a">Entwicklungsländer</subfield><subfield code="0">(DE-588)4014954-7</subfield><subfield code="2">gnd</subfield></datafield><datafield ind1=" " ind2="0" tag="651"><subfield code="a">Developing countries</subfield></datafield><datafield ind1="1" ind2=" " tag="700"><subfield code="a">Pearce, David</subfield></datafield><datafield ind1="1" ind2=" " tag="700"><subfield code="a">Pearce, David W.</subfield><subfield code="d">1941-2005</subfield><subfield code="0">(DE-588)124508308</subfield></datafield><datafield ind1="2" ind2=" " tag="710"><subfield code="a">Centre for Social and Economic Research on the Global Environment</subfield><subfield code="0">(DE-588)3022588-7</subfield></datafield><datafield ind1=" " ind2=" " tag="830"><subfield code="a">&lt;&lt;An&gt;&gt; Earthscan original</subfield><subfield code="w">(RERO)1246556-41slsp</subfield></datafield><datafield ind1=" " ind2=" " tag="900"><subfield code="a">REROnoselfmerge</subfield></datafield></record>
</metadata></record>