<record><header><identifier>oai:alma.41SLSP_UGE:991000010239705502</identifier><datestamp>2023-03-01T01:08:51Z</datestamp><setSpec>uge_bcen_RapidILL_BOOK</setSpec><setSpec>uge_aaca_RapidILL_BOOK</setSpec><setSpec>uge_abels_RapidILL_BOOK</setSpec><setSpec>uge_dbu_RapidILL_BOOK</setSpec><setSpec>uge_cmu_RapidILL_BOOK</setSpec><setSpec>uge_mail_RapidILL_BOOK</setSpec><setSpec>UNIGE_ALL</setSpec><setSpec>uge_abbat_RapidILL_BOOK</setSpec><setSpec>uge_aobs_RapidILL_BOOK</setSpec><setSpec>uge_acar_RapidILL_BOOK</setSpec></header><metadata>
<record xmlns="http://www.loc.gov/MARC21/slim" xmlns:xsi="http://www.w3.org/2001/XMLSchema-instance" xsi:schemaLocation="http://www.loc.gov/MARC21/slim http://www.loc.gov/standards/marcxml/schema/MARC21slim.xsd"><leader>01367nam a2200313 c 4500</leader><controlfield tag="001">991000010239705502</controlfield><controlfield tag="005">20230116201008.0</controlfield><controlfield tag="008">050928s2005    fr ||||| |||| 10| ||fre d</controlfield><datafield ind1=" " ind2=" " tag="035"><subfield code="a">(swissbib)102432694-41slsp_network</subfield></datafield><datafield ind1=" " ind2=" " tag="035"><subfield code="a">102432694</subfield><subfield code="9">ExL</subfield></datafield><datafield ind1=" " ind2=" " tag="035"><subfield code="a">(RERO)R003913455-41slsp</subfield></datafield><datafield ind1=" " ind2=" " tag="035"><subfield code="a">(EXLNZ-41SLSP_NETWORK)991152794959705501</subfield></datafield><datafield ind1=" " ind2=" " tag="040"><subfield code="a">RERO gevbaa</subfield><subfield code="d">CH-ZuSLS</subfield></datafield><datafield ind1=" " ind2="7" tag="072"><subfield code="a">ar</subfield><subfield code="2">rero</subfield></datafield><datafield ind1="0" ind2="0" tag="245"><subfield code="a">&lt;&lt;La&gt;&gt; découverte de tombes et cachettes royales en Egypte à la fin du XIXe siècle</subfield></datafield><datafield ind1="1" ind2=" " tag="246"><subfield code="a">Découverte des cachettes royales en Egypte au XIXe siècle</subfield></datafield><datafield ind1=" " ind2="1" tag="264"><subfield code="a">Avignon</subfield><subfield code="b">Centre vauclusien d'égyptologie</subfield><subfield code="c">2005</subfield></datafield><datafield ind1=" " ind2=" " tag="300"><subfield code="a">88 p.</subfield><subfield code="b">ill. en noir et en coul.</subfield><subfield code="c">27 cm</subfield></datafield><datafield ind1=" " ind2=" " tag="336"><subfield code="b">txt</subfield><subfield code="2">rdacontent</subfield></datafield><datafield ind1=" " ind2=" " tag="337"><subfield code="b">n</subfield><subfield code="2">rdamedia</subfield></datafield><datafield ind1=" " ind2=" " tag="338"><subfield code="b">nc</subfield><subfield code="2">rdacarrier</subfield></datafield><datafield ind1="1" ind2=" " tag="490"><subfield code="a">Egypte</subfield><subfield code="v">no 38</subfield></datafield><datafield ind1=" " ind2=" " tag="500"><subfield code="a">Issu de la Journée de conférences par le Centre d'égyptologie, du 18 juin 2005, sur le site du Pont du Gard</subfield></datafield><datafield ind1=" " ind2=" " tag="500"><subfield code="a">Titre de la couv.: La découverte des cachettes royales en Egypte au XIXe siècle</subfield></datafield><datafield ind1=" " ind2="7" tag="650"><subfield code="a">tombeau égyptien antique</subfield><subfield code="0">(RERO)A010159154</subfield><subfield code="2">rerovoc</subfield></datafield><datafield ind1=" " ind2="7" tag="650"><subfield code="a">19e siècle (fin)</subfield><subfield code="0">(RERO)A022977302</subfield><subfield code="2">rero</subfield></datafield><datafield ind1=" " ind2="7" tag="655"><subfield code="a">Actes de congrès</subfield><subfield code="0">(IDREF)02886431X</subfield><subfield code="2">idref</subfield></datafield><datafield ind1="2" ind2=" " tag="710"><subfield code="a">Centre vauclusien d'égyptologie (Avignon)</subfield><subfield code="b">Journée de conférences</subfield><subfield code="d">2005</subfield><subfield code="c">Pont du Gard</subfield><subfield code="0">(RERO)A012475861</subfield></datafield><datafield ind1=" " ind2=" " tag="830"><subfield code="a">Egypte</subfield><subfield code="v">2005/38</subfield><subfield code="w">(RERO)R211814060-41slsp</subfield></datafield><datafield ind1=" " ind2=" " tag="900"><subfield code="a">REROnoselfmerge</subfield></datafield></record>
</metadata></record>