<record><header><identifier>oai:alma.41SLSP_UGE:991000009819705502</identifier><datestamp>2023-03-01T01:08:51Z</datestamp><setSpec>uge_bcen_RapidILL_BOOK</setSpec><setSpec>uge_aaca_RapidILL_BOOK</setSpec><setSpec>uge_abels_RapidILL_BOOK</setSpec><setSpec>uge_dbu_RapidILL_BOOK</setSpec><setSpec>uge_cmu_RapidILL_BOOK</setSpec><setSpec>uge_mail_RapidILL_BOOK</setSpec><setSpec>UNIGE_ALL</setSpec><setSpec>uge_abbat_RapidILL_BOOK</setSpec><setSpec>uge_acar_RapidILL_BOOK</setSpec><setSpec>uge_aobs_RapidILL_BOOK</setSpec></header><metadata>
<record xmlns="http://www.loc.gov/MARC21/slim" xmlns:xsi="http://www.w3.org/2001/XMLSchema-instance" xsi:schemaLocation="http://www.loc.gov/MARC21/slim http://www.loc.gov/standards/marcxml/schema/MARC21slim.xsd"><leader>01052nam a2200277 c 4500</leader><controlfield tag="001">991000009819705502</controlfield><controlfield tag="005">20201126032353.0</controlfield><controlfield tag="008">050308s2001    un ||||| |||| 00| ||ukr d</controlfield><datafield ind1=" " ind2=" " tag="020"><subfield code="a">9660222890</subfield></datafield><datafield ind1=" " ind2=" " tag="035"><subfield code="a">(swissbib)101668813-41slsp_network</subfield></datafield><datafield ind1=" " ind2=" " tag="035"><subfield code="a">101668813</subfield><subfield code="9">ExL</subfield></datafield><datafield ind1=" " ind2=" " tag="035"><subfield code="a">(RERO)R003803529-41slsp</subfield></datafield><datafield ind1=" " ind2=" " tag="035"><subfield code="a">(EXLNZ-41SLSP_NETWORK)991006180859705501</subfield></datafield><datafield ind1=" " ind2=" " tag="040"><subfield code="a">RERO geulru</subfield><subfield code="d">CH-ZuSLS</subfield></datafield><datafield ind1=" " ind2="7" tag="072"><subfield code="a">hg</subfield><subfield code="2">rero</subfield></datafield><datafield ind1="0" ind2="0" tag="245"><subfield code="a">Putivnik</subfield><subfield code="c">Centralʹnij Deržavnij istoričnij archiv Ukraïni, m. Lʹviv</subfield></datafield><datafield ind1=" " ind2="1" tag="264"><subfield code="a">Kiïv [etc.]</subfield><subfield code="b">Deržavnij Komitet Archiviv Ukraïni [etc.]</subfield><subfield code="c">2001</subfield></datafield><datafield ind1=" " ind2=" " tag="300"><subfield code="a">410 p.</subfield><subfield code="b">ill.</subfield><subfield code="c">26 cm</subfield></datafield><datafield ind1=" " ind2=" " tag="336"><subfield code="b">txt</subfield><subfield code="2">rdacontent</subfield></datafield><datafield ind1=" " ind2=" " tag="337"><subfield code="b">n</subfield><subfield code="2">rdamedia</subfield></datafield><datafield ind1=" " ind2=" " tag="338"><subfield code="b">nc</subfield><subfield code="2">rdacarrier</subfield></datafield><datafield ind1="1" ind2=" " tag="490"><subfield code="a">Archivni zibrannja Ukraïni</subfield></datafield><datafield ind1=" " ind2="7" tag="651"><subfield code="a">Ukraine</subfield><subfield code="0">(IDREF)027308529</subfield><subfield code="2">idref</subfield></datafield><datafield ind1=" " ind2="7" tag="655"><subfield code="a">[document]</subfield><subfield code="2">rerovoc</subfield><subfield code="0">(RERO)A010182398</subfield></datafield><datafield ind1="2" ind2=" " tag="710"><subfield code="a">Centralʹnij deržavnij ìstoričnij arhìv Ukrai͏̈ni</subfield><subfield code="g">Lvіv, Ukraine</subfield><subfield code="0">(IDREF)084678534</subfield></datafield><datafield ind1=" " ind2=" " tag="830"><subfield code="a">Archivni zibrannja Ukraïni</subfield><subfield code="w">(RERO)R003803448-41slsp</subfield></datafield><datafield ind1=" " ind2=" " tag="900"><subfield code="a">REROnoselfmerge</subfield></datafield></record>
</metadata></record>