<record><header><identifier>oai:alma.41SLSP_UGE:991000009519705502</identifier><datestamp>2023-03-03T01:07:25Z</datestamp><setSpec>uge_bcen_RapidILL_BOOK</setSpec><setSpec>uge_aaca_RapidILL_BOOK</setSpec><setSpec>uge_abels_RapidILL_BOOK</setSpec><setSpec>uge_dbu_RapidILL_BOOK</setSpec><setSpec>uge_cmu_RapidILL_BOOK</setSpec><setSpec>uge_mail_RapidILL_BOOK</setSpec><setSpec>uge_abbat_RapidILL_BOOK</setSpec><setSpec>UNIGE_ALL</setSpec><setSpec>uge_acar_RapidILL_BOOK</setSpec><setSpec>uge_aobs_RapidILL_BOOK</setSpec></header><metadata>
<record xmlns="http://www.loc.gov/MARC21/slim" xmlns:xsi="http://www.w3.org/2001/XMLSchema-instance" xsi:schemaLocation="http://www.loc.gov/MARC21/slim http://www.loc.gov/standards/marcxml/schema/MARC21slim.xsd"><leader>03993nam a2200829 c 4500</leader><controlfield tag="001">991000009519705502</controlfield><controlfield tag="005">20230208193945.0</controlfield><controlfield tag="008">201012s2004    gw            000 0 ger  </controlfield><datafield ind1=" " ind2=" " tag="015"><subfield code="a">04,A31,0002</subfield><subfield code="z">03,N30,1600</subfield><subfield code="2">dnb</subfield></datafield><datafield ind1="7" ind2=" " tag="016"><subfield code="a">967956862</subfield><subfield code="2">DE-101</subfield></datafield><datafield ind1=" " ind2=" " tag="020"><subfield code="a">3518123645</subfield><subfield code="q">paperback</subfield></datafield><datafield ind1=" " ind2=" " tag="020"><subfield code="a">9783518123645</subfield><subfield code="q">paperback</subfield></datafield><datafield ind1=" " ind2=" " tag="035"><subfield code="a">(swissbib)241318610-41slsp_network</subfield></datafield><datafield ind1=" " ind2=" " tag="035"><subfield code="a">241318610</subfield><subfield code="9">ExL</subfield></datafield><datafield ind1=" " ind2=" " tag="035"><subfield code="a">(IDSSG)001088103HSB01</subfield></datafield><datafield ind1=" " ind2=" " tag="035"><subfield code="a">(RERO)R003705440-41slsp</subfield></datafield><datafield ind1=" " ind2=" " tag="035"><subfield code="a">(NEBIS)004785112EBI01</subfield></datafield><datafield ind1=" " ind2=" " tag="035"><subfield code="a">(IDSBB)006500248DSV01</subfield></datafield><datafield ind1=" " ind2=" " tag="035"><subfield code="a">(OCoLC)250065973</subfield><subfield code="z">(OCoLC)884540783</subfield></datafield><datafield ind1=" " ind2=" " tag="035"><subfield code="a">(EXLNZ-41SLSP_NETWORK)991010450679705501</subfield></datafield><datafield ind1=" " ind2=" " tag="040"><subfield code="a">GWDNB</subfield><subfield code="b">ger</subfield><subfield code="e">rda</subfield><subfield code="d">CH-ZuSLS</subfield></datafield><datafield ind1="1" ind2=" " tag="041"><subfield code="a">ger</subfield><subfield code="h">eng</subfield></datafield><datafield ind1=" " ind2=" " tag="042"><subfield code="a">pcc</subfield></datafield><datafield ind1=" " ind2="4" tag="050"><subfield code="a">BH301.E8</subfield><subfield code="b">G8615 2004</subfield></datafield><datafield ind1=" " ind2="7" tag="072"><subfield code="a">lc</subfield><subfield code="2">rero</subfield></datafield><datafield ind1=" " ind2="7" tag="072"><subfield code="a">ph</subfield><subfield code="2">SzZuIDS BS/BE</subfield></datafield><datafield ind1=" " ind2="7" tag="072"><subfield code="a">al</subfield><subfield code="2">SzZuIDS BS/BE</subfield></datafield><datafield ind1=" " ind2="7" tag="072"><subfield code="a">gw</subfield><subfield code="2">SzZuIDS BS/BE</subfield></datafield><datafield ind1=" " ind2="7" tag="072"><subfield code="a">ln</subfield><subfield code="2">SzZuIDS BS/BE</subfield></datafield><datafield ind1="0" ind2="4" tag="082"><subfield code="a">121.68</subfield><subfield code="2">22</subfield></datafield><datafield ind1="1" ind2="4" tag="082"><subfield code="a">800</subfield><subfield code="2">15</subfield></datafield><datafield ind1=" " ind2=" " tag="084"><subfield code="a">CC 3800</subfield><subfield code="2">rvk</subfield></datafield><datafield ind1=" " ind2=" " tag="084"><subfield code="a">EC 1740</subfield><subfield code="2">rvk</subfield></datafield><datafield ind1=" " ind2=" " tag="084"><subfield code="a">EC 1853</subfield><subfield code="2">rvk</subfield></datafield><datafield ind1="1" ind2=" " tag="100"><subfield code="a">Gumbrecht, Hans Ulrich</subfield><subfield code="d">1948-</subfield><subfield code="0">(DE-588)124621872</subfield><subfield code="e">Verfasser</subfield><subfield code="4">aut</subfield><subfield code="6">880-01</subfield></datafield><datafield ind1="1" ind2=" " tag="880"><subfield code="a">Gumbrecht, Hans Ulrich</subfield><subfield code="0">(RERO)A003331343</subfield><subfield code="4">cre</subfield><subfield code="6">100-01</subfield></datafield><datafield ind1="1" ind2="0" tag="240"><subfield code="a">Production of presence</subfield></datafield><datafield ind1="1" ind2="0" tag="245"><subfield code="a">Diesseits der Hermeneutik - die Produktion von Präsenz</subfield><subfield code="c">Hans Ulrich Gumbrecht ; übersetzt von Joachim Schulte</subfield></datafield><datafield ind1=" " ind2=" " tag="250"><subfield code="a">Deutsche Erstausgabe</subfield></datafield><datafield ind1=" " ind2="1" tag="264"><subfield code="a">Frankfurt am Main</subfield><subfield code="b">Suhrkamp Verlag</subfield><subfield code="c">2004</subfield></datafield><datafield ind1=" " ind2=" " tag="300"><subfield code="a">189 Seiten</subfield><subfield code="c">18 cm</subfield></datafield><datafield ind1=" " ind2=" " tag="336"><subfield code="b">txt</subfield><subfield code="2">rdacontent</subfield></datafield><datafield ind1=" " ind2=" " tag="337"><subfield code="b">n</subfield><subfield code="2">rdamedia</subfield></datafield><datafield ind1=" " ind2=" " tag="338"><subfield code="b">nc</subfield><subfield code="2">rdacarrier</subfield></datafield><datafield ind1="0" ind2=" " tag="490"><subfield code="a">Edition Suhrkamp</subfield><subfield code="v">2364</subfield></datafield><datafield ind1=" " ind2=" " tag="500"><subfield code="a">Trad. de : Production of presence.</subfield></datafield><datafield ind1=" " ind2=" " tag="520"><subfield code="a">Dass die Geisteswissenschaften systematisch blind sind gegenüber jenen Schichten kultureller Welten, die nicht zur Dimension von Sinn und Bedeutung gehören und durch Interpretation zu erschliessen sind, macht den Ausgangspunkt und die polemische Spitze dieses Buches aus. Was der Hermeneutik entgeht, sind Phänomene der Präsenz: &quot;Dinge der Welt&quot; setzen zu können. In diesem Sinn werden philosophische Begriffe entworfen und diskutiert, die über eine Rückwendung zu Phänomenen der Präsenz unser Verhältnis zur ästhetischen Erfahrung und zum Lernen neu bestimmen sollen und in einer Alltagswelt, die Jean-François Lyotard einmal als im Status &quot;allgemeiner Mobilmachung&quot; befindlich beschrieben hat, vielleicht dem Wunsch nach Momenten der Gelassenheit Raum schaffen.</subfield></datafield><datafield ind1=" " ind2="7" tag="650"><subfield code="a">Herméneutique</subfield><subfield code="0">(IDREF)027233707</subfield><subfield code="2">idref</subfield></datafield><datafield ind1=" " ind2="7" tag="650"><subfield code="a">Hermeneutik</subfield><subfield code="0">(DE-588)4128972-9</subfield><subfield code="2">gnd</subfield></datafield><datafield ind1=" " ind2="7" tag="650"><subfield code="a">Präsenz (Philosophie)</subfield><subfield code="2">idszbz</subfield></datafield><datafield ind1=" " ind2="7" tag="650"><subfield code="a">Philosophie</subfield><subfield code="0">(DE-588)4045791-6</subfield><subfield code="2">gnd</subfield></datafield><datafield ind1=" " ind2="7" tag="650"><subfield code="a">Philosophie</subfield><subfield code="2">idszbz</subfield></datafield><datafield ind1=" " ind2="0" tag="650"><subfield code="a">Aesthetics</subfield></datafield><datafield ind1=" " ind2="0" tag="650"><subfield code="a">Experience</subfield></datafield><datafield ind1=" " ind2="7" tag="650"><subfield code="a">Präsenz</subfield><subfield code="g">Philosophie</subfield><subfield code="0">(DE-588)4784905-8</subfield><subfield code="2">gnd</subfield></datafield><datafield ind1=" " ind2="7" tag="650"><subfield code="a">Geisteswissenschaften</subfield><subfield code="0">(DE-588)4019838-8</subfield><subfield code="2">gnd</subfield></datafield><datafield ind1=" " ind2="7" tag="650"><subfield code="a">Hermeneutik</subfield><subfield code="2">idsbb</subfield></datafield><datafield ind1=" " ind2=" " tag="690"><subfield code="a">Produktion; Metaphysik; Gebrauchsanleitung; Vorgeschichte; Anekdote; Epiphanie; Geisteswissenschaft; Sinn</subfield><subfield code="2">idssg-J</subfield></datafield><datafield ind1=" " ind2=" " tag="690"><subfield code="a">Hermeneutik; Standpunkt</subfield><subfield code="2">idssg-J</subfield></datafield><datafield ind1=" " ind2=" " tag="690"><subfield code="a">epistemologische Verschiebung; kurze Vorgeschichte</subfield><subfield code="2">idssg-J</subfield></datafield><datafield ind1=" " ind2=" " tag="690"><subfield code="a">Hans Ulrich Gumbrecht; Joachim Schulte Suhrkamp Gebrauchsanleitung; Präsentifikation Deixis Zukünfte</subfield><subfield code="2">idssg-J</subfield></datafield><datafield ind1="1" ind2=" " tag="700"><subfield code="a">Schulte, Joachim</subfield><subfield code="d">1946-</subfield><subfield code="0">(DE-588)13044040X</subfield><subfield code="e">Übersetzer</subfield><subfield code="4">trl</subfield><subfield code="6">880-02</subfield></datafield><datafield ind1="1" ind2=" " tag="880"><subfield code="6">700-02</subfield><subfield code="a">Schulte, Joachim</subfield><subfield code="d">1964-....</subfield><subfield code="0">(IDREF)029316960</subfield></datafield><datafield ind1="4" ind2=" " tag="856"><subfield code="u">http://swbplus.bsz-bw.de/bsz105780677rez.htm</subfield><subfield code="z">Rezension</subfield></datafield><datafield ind1="4" ind2=" " tag="856"><subfield code="u">https://d-nb.info/967956862/04</subfield><subfield code="z">Inhaltsverzeichnis</subfield></datafield><datafield ind1=" " ind2=" " tag="830"><subfield code="a">Edition Suhrkamp</subfield><subfield code="v">2364</subfield><subfield code="w">(RERO)0337607-41slsp</subfield></datafield><datafield ind1=" " ind2=" " tag="830"><subfield code="a">Edition Suhrkamp</subfield><subfield code="v">2364</subfield><subfield code="w">(NEBIS)000058127EBI01</subfield></datafield><datafield ind1=" " ind2=" " tag="900"><subfield code="a">REROnoselfmerge</subfield></datafield><datafield ind1=" " ind2=" " tag="900"><subfield code="a">IDSE5E65ANH-2017</subfield></datafield><datafield ind1=" " ind2=" " tag="900"><subfield code="a">IDSE5E87ANH-2007</subfield></datafield><datafield ind1=" " ind2=" " tag="900"><subfield code="a">IDSZ2zbzmon200410f</subfield><subfield code="c">IDSZ2lire</subfield><subfield code="d">IDSZ2zbzswk200411b</subfield><subfield code="e">IDSZ2baur</subfield></datafield><datafield ind1=" " ind2=" " tag="900"><subfield code="a">IDSBBnoselfmerge</subfield></datafield><datafield ind1=" " ind2=" " tag="949"><subfield code="a">http://swbplus.bsz-bw.de/bsz105780677rez.htm</subfield></datafield></record>
</metadata></record>