<record><header><identifier>oai:alma.41SLSP_UGE:991000009949705502</identifier><datestamp>2024-04-11T00:14:13Z</datestamp><setSpec>uge_bcen_RapidILL_BOOK</setSpec><setSpec>uge_aaca_RapidILL_BOOK</setSpec><setSpec>uge_abels_RapidILL_BOOK</setSpec><setSpec>uge_dbu_RapidILL_BOOK</setSpec><setSpec>uge_cmu_RapidILL_BOOK</setSpec><setSpec>uge_mail_RapidILL_BOOK</setSpec><setSpec>uge_abbat_RapidILL_BOOK</setSpec><setSpec>UNIGE_ALL</setSpec><setSpec>uge_aobs_RapidILL_BOOK</setSpec><setSpec>uge_acar_RapidILL_BOOK</setSpec></header><metadata>
<record xmlns="http://www.loc.gov/MARC21/slim" xmlns:xsi="http://www.w3.org/2001/XMLSchema-instance" xsi:schemaLocation="http://www.loc.gov/MARC21/slim http://www.loc.gov/standards/marcxml/schema/MARC21slim.xsd"><leader>06567nam a2200721 c 4500</leader><controlfield tag="001">991000009949705502</controlfield><controlfield tag="005">20240410141028.0</controlfield><controlfield tag="008">201012s2000    gw ||||| |||| 00| ||ger d</controlfield><datafield ind1=" " ind2=" " tag="020"><subfield code="a">3825204693</subfield><subfield code="q">UTB, pbk.</subfield></datafield><datafield ind1=" " ind2=" " tag="020"><subfield code="a">3772019234</subfield><subfield code="q">Francke, pbk.</subfield></datafield><datafield ind1=" " ind2=" " tag="035"><subfield code="a">(swissbib)242478360-41slsp_network</subfield></datafield><datafield ind1=" " ind2=" " tag="035"><subfield code="a">242478360</subfield><subfield code="9">ExL</subfield></datafield><datafield ind1=" " ind2=" " tag="035"><subfield code="a">(RERO)R273011660-41slsp</subfield></datafield><datafield ind1=" " ind2=" " tag="035"><subfield code="a">(NEBIS)004013916EBI01</subfield></datafield><datafield ind1=" " ind2=" " tag="035"><subfield code="a">(IDSBB)002051358DSV01</subfield></datafield><datafield ind1=" " ind2=" " tag="035"><subfield code="a">(IDSSG)000217552HSB01</subfield></datafield><datafield ind1=" " ind2=" " tag="035"><subfield code="a">(IDSLU)000190005ILU01</subfield></datafield><datafield ind1=" " ind2=" " tag="035"><subfield code="a">(EXLNZ-41SLSP_NETWORK)991017492319705501</subfield></datafield><datafield ind1=" " ind2=" " tag="040"><subfield code="a">RERO vsbcvs</subfield><subfield code="d">CH-ZuSLS</subfield></datafield><datafield ind1=" " ind2="7" tag="072"><subfield code="a">dr</subfield><subfield code="2">rero</subfield></datafield><datafield ind1=" " ind2="7" tag="072"><subfield code="a">rw</subfield><subfield code="2">SzZuIDS BS/BE</subfield></datafield><datafield ind1=" " ind2="7" tag="072"><subfield code="a">810</subfield><subfield code="2">IDS LU</subfield></datafield><datafield ind1="0" ind2="0" tag="082"><subfield code="a">341</subfield><subfield code="2">21</subfield></datafield><datafield ind1="1" ind2="4" tag="082"><subfield code="a">341.01</subfield><subfield code="2">21</subfield></datafield><datafield ind1="1" ind2="4" tag="082"><subfield code="a">340</subfield><subfield code="2">15</subfield></datafield><datafield ind1=" " ind2=" " tag="084"><subfield code="a">D 12 g</subfield><subfield code="2">cjurrom</subfield></datafield><datafield ind1=" " ind2=" " tag="084"><subfield code="a">CC 7400</subfield><subfield code="2">rvk</subfield></datafield><datafield ind1=" " ind2=" " tag="084"><subfield code="a">MK 1600</subfield><subfield code="2">rvk</subfield></datafield><datafield ind1=" " ind2=" " tag="084"><subfield code="a">PR 2157</subfield><subfield code="2">rvk</subfield></datafield><datafield ind1="1" ind2=" " tag="100"><subfield code="6">880-01</subfield><subfield code="a">Kimminich, Otto</subfield><subfield code="d">1932-1997</subfield><subfield code="0">(DE-588)120903431</subfield></datafield><datafield ind1="1" ind2=" " tag="880"><subfield code="6">100-01</subfield><subfield code="a">Kimminich, Otto</subfield><subfield code="d">1932-1997</subfield><subfield code="0">(IDREF)02935725X</subfield><subfield code="4">cre</subfield></datafield><datafield ind1="1" ind2="0" tag="245"><subfield code="a">Einführung in das Völkerrecht</subfield><subfield code="c">Otto Kimminich, Stephan Hobe</subfield></datafield><datafield ind1=" " ind2=" " tag="250"><subfield code="a">7., völlig überarbeitete und erweiterte Auflage</subfield></datafield><datafield ind1=" " ind2="1" tag="264"><subfield code="a">Tübingen ; Basel</subfield><subfield code="b">A. Francke</subfield><subfield code="c">2000</subfield></datafield><datafield ind1=" " ind2=" " tag="300"><subfield code="a">XXI, 499 S.</subfield><subfield code="c">22 cm</subfield></datafield><datafield ind1=" " ind2=" " tag="336"><subfield code="b">txt</subfield><subfield code="2">rdacontent</subfield></datafield><datafield ind1=" " ind2=" " tag="337"><subfield code="b">n</subfield><subfield code="2">rdamedia</subfield></datafield><datafield ind1=" " ind2=" " tag="338"><subfield code="b">nc</subfield><subfield code="2">rdacarrier</subfield></datafield><datafield ind1="1" ind2=" " tag="490"><subfield code="a">Uni-Taschenbücher</subfield><subfield code="v">469</subfield></datafield><datafield ind1="0" ind2=" " tag="490"><subfield code="a">UTB für Wissenschaft</subfield><subfield code="v">469</subfield></datafield><datafield ind1=" " ind2=" " tag="504"><subfield code="a">Literaturangaben</subfield></datafield><datafield ind1=" " ind2="7" tag="650"><subfield code="a">Droit international</subfield><subfield code="0">(IDREF)050627597</subfield><subfield code="2">idref</subfield></datafield><datafield ind1=" " ind2="0" tag="650"><subfield code="a">International law</subfield></datafield><datafield ind1=" " ind2="7" tag="650"><subfield code="a">Völkerrecht</subfield><subfield code="0">(DE-588)4063693-8</subfield><subfield code="2">gnd</subfield></datafield><datafield ind1=" " ind2="7" tag="655"><subfield code="a">Manuels d'enseignement</subfield><subfield code="0">(IDREF)027446514</subfield><subfield code="2">idref</subfield></datafield><datafield ind1=" " ind2="7" tag="655"><subfield code="a">Einführung</subfield><subfield code="2">gnd-content</subfield></datafield><datafield ind1=" " ind2="7" tag="655"><subfield code="a">Lehrbuch</subfield><subfield code="2">gnd-content</subfield></datafield><datafield ind1=" " ind2=" " tag="690"><subfield code="a">Gericht Rechtsprechung; Völkerrecht; Menschenrechte; Strafrecht; Kriegsrecht; Gewohnheitsrecht; Ausländerrecht; Investitionsrecht; Vertragsrecht; Währungsrecht; Staatsangehörigkeit; Verbot; Handelsabkommen; Grundprinzip; Konvention; internationale Organisation; GATT; Rechtsnorm; Regel; Rechtsschutz</subfield><subfield code="2">idssg-J</subfield></datafield><datafield ind1=" " ind2=" " tag="690"><subfield code="a">Menschenrechtskonvention; Völkerrechtsnorm; Völkerstrafrecht; Welthandelsabkommen; Enteignungsrecht; Kampfmethode; Konsularrecht; Kriegsvertrag; Menschenrechtspakt; Nachbarrecht; Rom-Statut; Selbstbestimmungsrecht; Menschenrechtsschutz; Völkerrechtssubjektivität; ,-Generalversammlung; Facto-Regime; Flüchtlingsschutz; Gebietsausschließlichkeit; Gewaltanwendung; Gewaltverbot; Handelsordnung; Kodifikationsbestrebung; Kriegsverbot; Millennium-Runde; Minderheitenschutz; OSZE-Verpflichtung; Rechtsgemeinschaft; Sonderregelung; Staatengleichheit; Staatsvolk; Streitbeilegung; Uruguay-Runde; Vertragsbeendigung; Völkerrechtsordnung; Welthandelsorganisation; Grundfrage; Interventionsverbot; Sachregister; Staatenverbindung; Völkerrechtsquelle; Eingrenzungsproblem; Epochenabschluss; Gemeinschaftsraum; Hauptpflicht; Hilfsmittel; Hoc-Tribunal; Kriegsschauplatz; Nichtkombattant; Problembereich; Schlussbetrachtung; Sonderfall; Staatsbegriff; Tiefseeboden; UN-Charta; Vertragsbruch; Völkerrechtssubjekt; Völkerrechtswissenschaft; Willensmangel</subfield><subfield code="2">idssg-J</subfield></datafield><datafield ind1=" " ind2=" " tag="690"><subfield code="a">andere Organisation; kollektive Intervention; nichtstaatliche Organisation; regionale Organisation; Die-allgemeiner Rechtsgrundsatz; abendländische Rechtsgemeinschaft; afrikanische Charta; afrikanische Einheit; allgemeine Erklärung; allgemeiner Rechtsgrundsatz; allgemeine Regel; allgemeines Völkerrecht; amerikanische Menschenrechtskonvention; amerikanischer Staat; andere Rechtsstellung; arabische Liga; einseitige Handlung; einzeln Durehsetzungsmittel; europäische Gemeinschaft; europäische Menschenrechtskonvention; europäische Union; festgeschriebenes Völkerstrafrecht; friedliche Streitbeilegung; gegenseitige Zusammenarbeit; gegenwärtiger Stand; geistiges Eigentum; generelles Gewaltverbot; generelles Kriegsverbot; geschützte Person; handelsbezogener Aspekt; heiliger Stuhl; hohe See; humanitäre Intervention; humanitäres Völkerrecht; indigenes Volk; international Geme; internationales Enteignungsrecht; internationaler Flüchtlingsschutz; internationaler Gemeinschaftsraum; internationales Gericht; internationale Gerichtsbarkeit; internationaler Gerichtshof; internationales Komitee; internationaler Menschenrechtspakt; internationaler Menschenrechtsschutz; internationales Nachbarrecht; internationale Politik; internationale Rechtsprechung; internationale Schiedsgerichtsbarkeit; internationaler Umweltschutz; internationale Wirtschaftsordnung; internationales Währungsrecht; klassisches Völkerrecht; kollektive Sicherheit; modernes Völkerrecht; neue Welthandelsordnung; partielles Kriegsverbot; praktische Auswirkung; rechtsgeschäftliches Handeln; regionale Ebene; regionale Zuständigkeit; rotes Kreuz; souveräner Staat; spezielle Zuständigkeit; supranationale Organisation; transnationales Unternehmen; universelle Ebene; vereinte Nation; verwandte Disziplin; völkerrechtliche Hauptpflicht; völkerrechtliche Ordnung; völkerrechtliches Strafrecht; völkerrechtlicher Umweltschutz</subfield><subfield code="2">idssg-J</subfield></datafield><datafield ind1=" " ind2=" " tag="690"><subfield code="a">; völkerrechtliche Verantwortlichkeit; völkerrechtswidriges Handeln; weiteres Grundprinzip; weitere Konvention; weitere Pflicht; weltwirtschaftliche Handelsordnung; zwischenstaatliche Beziehung</subfield><subfield code="2">idssg-J</subfield></datafield><datafield ind1=" " ind2=" " tag="690"><subfield code="a">Deutschland C4EUGE; Vereinte Nationen C00WOR; Welt C00WOR; Schweiz C4EXSI; Jugoslawien C1990; Europa C4E; Ruanda C6RWAN; Uruguay C3URUG; Vatikan C4EXVA; Italien C4EUIT; Entwicklungsländer C0DEVE; Afrika C60AFR; EU C4EU; Antarktis C8ANTA</subfield><subfield code="2">idssg-J</subfield></datafield><datafield ind1=" " ind2=" " tag="690"><subfield code="a">europäisch Gemeinschaften Europäische Union; Francke Basel Basel Vorwort; international Enteignungsrecht Investitionsrecht; Organisation Amerikanischer Staaten; Organization for African Unity; Otto Kimminich; Sicherheit Zusammenarbeit Europa; Souverän Malteserorden; Stephan Höbe</subfield><subfield code="2">idssg-J</subfield></datafield><datafield ind1=" " ind2=" " tag="691"><subfield code="e">PD 12</subfield><subfield code="2">rzs-L1</subfield></datafield><datafield ind1="1" ind2=" " tag="700"><subfield code="a">Hobe, Stephan</subfield><subfield code="d">1957-</subfield><subfield code="6">880-02</subfield><subfield code="0">(DE-588)121784304</subfield><subfield code="4">aut</subfield></datafield><datafield ind1="1" ind2=" " tag="880"><subfield code="6">700-02</subfield><subfield code="a">Hobe, Stephan</subfield><subfield code="c">juriste</subfield><subfield code="d">1957-....</subfield><subfield code="0">(IDREF)073961167</subfield></datafield><datafield ind1="4" ind2=" " tag="856"><subfield code="u">https://tools.unisg.ch/url/hm00015135</subfield><subfield code="z">Inhaltsverzeichnis</subfield></datafield><datafield ind1=" " ind2="0" tag="830"><subfield code="a">UTB für Wissenschaft</subfield><subfield code="v">469</subfield><subfield code="w">(RERO)0338358-41slsp</subfield></datafield><datafield ind1=" " ind2="0" tag="830"><subfield code="a">UTB</subfield><subfield code="v">469/7</subfield><subfield code="w">(IDSSG)000214701HSB01</subfield></datafield><datafield ind1=" " ind2="0" tag="830"><subfield code="a">Uni-Taschenbücher</subfield><subfield code="v">469</subfield><subfield code="w">(NEBIS)000058219EBI01</subfield></datafield><datafield ind1=" " ind2=" " tag="900"><subfield code="a">IDSZ2rwimon200010e</subfield><subfield code="c">IDSZ2rosi 001005</subfield><subfield code="d">IDSZ2rwiswk201504r</subfield><subfield code="e">IDSZ2basc</subfield></datafield><datafield ind1=" " ind2=" " tag="900"><subfield code="a">IDSZ2ivrmon200010l</subfield><subfield code="c">IDSZ2voig 001031</subfield></datafield><datafield ind1=" " ind2=" " tag="900"><subfield code="a">IDSZ2zbzmon200102l</subfield><subfield code="d">IDSZ2zbzswk200102u</subfield></datafield><datafield ind1=" " ind2=" " tag="949"><subfield code="a">https://tools.unisg.ch/url/hm00015135</subfield></datafield></record>
</metadata></record>