<record><header><identifier>oai:alma.41SLSP_UGE:991000010049705502</identifier><datestamp>2023-03-01T01:08:51Z</datestamp><setSpec>uge_bcen_RapidILL_BOOK</setSpec><setSpec>uge_aaca_RapidILL_BOOK</setSpec><setSpec>uge_abels_RapidILL_BOOK</setSpec><setSpec>uge_dbu_RapidILL_BOOK</setSpec><setSpec>uge_cmu_RapidILL_BOOK</setSpec><setSpec>uge_mail_RapidILL_BOOK</setSpec><setSpec>UNIGE_ALL</setSpec><setSpec>uge_abbat_RapidILL_BOOK</setSpec><setSpec>uge_aobs_RapidILL_BOOK</setSpec><setSpec>uge_acar_RapidILL_BOOK</setSpec></header><metadata>
<record xmlns="http://www.loc.gov/MARC21/slim" xmlns:xsi="http://www.w3.org/2001/XMLSchema-instance" xsi:schemaLocation="http://www.loc.gov/MARC21/slim http://www.loc.gov/standards/marcxml/schema/MARC21slim.xsd"><leader>04306nam a2200733 c 4500</leader><controlfield tag="001">991000010049705502</controlfield><controlfield tag="005">20201126032354.0</controlfield><controlfield tag="008">201011s2008    xxk||||| |||| 00| ||eng d</controlfield><datafield ind1=" " ind2=" " tag="010"><subfield code="a">2007008736</subfield></datafield><datafield ind1=" " ind2=" " tag="015"><subfield code="a">GBA753393</subfield><subfield code="2">bnb</subfield></datafield><datafield ind1=" " ind2=" " tag="020"><subfield code="a">0203939743</subfield><subfield code="q">ebk</subfield></datafield><datafield ind1=" " ind2=" " tag="020"><subfield code="a">9780203939741</subfield><subfield code="q">ebook</subfield></datafield><datafield ind1=" " ind2=" " tag="020"><subfield code="a">0415774128</subfield><subfield code="q">hbk.</subfield><subfield code="c">£65.00</subfield></datafield><datafield ind1=" " ind2=" " tag="020"><subfield code="a">0415774136</subfield><subfield code="q">pbk.</subfield><subfield code="c">£16.99</subfield></datafield><datafield ind1=" " ind2=" " tag="020"><subfield code="a">9780415774123</subfield><subfield code="q">hbk.</subfield><subfield code="c">£65.00</subfield></datafield><datafield ind1=" " ind2=" " tag="020"><subfield code="a">9780415774130</subfield><subfield code="q">pbk.</subfield><subfield code="c">£16.99</subfield></datafield><datafield ind1=" " ind2=" " tag="035"><subfield code="a">(swissbib)22506328X-41slsp_network</subfield></datafield><datafield ind1=" " ind2=" " tag="035"><subfield code="a">22506328X</subfield><subfield code="9">ExL</subfield></datafield><datafield ind1=" " ind2=" " tag="035"><subfield code="a">(RERO)R005498075-41slsp</subfield></datafield><datafield ind1=" " ind2=" " tag="035"><subfield code="a">(NEBIS)005355099EBI01</subfield></datafield><datafield ind1=" " ind2=" " tag="035"><subfield code="a">(IDSLU)001014863ILU01</subfield></datafield><datafield ind1=" " ind2=" " tag="035"><subfield code="a">(EXLNZ-41SLSP_NETWORK)991003566949705501</subfield></datafield><datafield ind1=" " ind2=" " tag="040"><subfield code="a">DLC</subfield><subfield code="d">CH-ZuSLS</subfield></datafield><datafield ind1=" " ind2="0" tag="050"><subfield code="a">PN1995.9.M56</subfield><subfield code="b">P47 2008</subfield></datafield><datafield ind1=" " ind2="7" tag="072"><subfield code="a">an</subfield><subfield code="2">rero</subfield></datafield><datafield ind1=" " ind2="7" tag="072"><subfield code="a">ba</subfield><subfield code="2">rero</subfield></datafield><datafield ind1=" " ind2="7" tag="072"><subfield code="a">630</subfield><subfield code="2">IDS LU</subfield></datafield><datafield ind1="0" ind2="0" tag="082"><subfield code="a">791.43/6552</subfield><subfield code="2">22</subfield></datafield><datafield ind1="1" ind2="4" tag="082"><subfield code="a">791.436 550973</subfield><subfield code="2">22</subfield></datafield><datafield ind1=" " ind2=" " tag="084"><subfield code="a">AP 59483</subfield><subfield code="2">rvk</subfield></datafield><datafield ind1="0" ind2="0" tag="245"><subfield code="a">&lt;&lt;The&gt;&gt; persistence of whiteness</subfield><subfield code="b">race and contemporary Hollywood cinema</subfield><subfield code="c">edited by Daniel Bernardi</subfield></datafield><datafield ind1=" " ind2="1" tag="264"><subfield code="a">London</subfield><subfield code="a">New York</subfield><subfield code="b">Routledge</subfield><subfield code="c">2008</subfield></datafield><datafield ind1=" " ind2=" " tag="300"><subfield code="a">xxvi, 390 p.</subfield><subfield code="b">ill.</subfield><subfield code="c">24 cm.</subfield></datafield><datafield ind1=" " ind2=" " tag="336"><subfield code="b">txt</subfield><subfield code="2">rdacontent</subfield></datafield><datafield ind1=" " ind2=" " tag="337"><subfield code="b">n</subfield><subfield code="2">rdamedia</subfield></datafield><datafield ind1=" " ind2=" " tag="338"><subfield code="b">nc</subfield><subfield code="2">rdacarrier</subfield></datafield><datafield ind1=" " ind2=" " tag="504"><subfield code="a">Includes bibliographical references (p. [373]-383) and index.</subfield></datafield><datafield ind1="0" ind2=" " tag="505"><subfield code="a">Manifest myth-making: Texas history in the movies / Charles Ramirez Berg -- Mapping the beach: beach movies, exploitation film and geographies of whiteness / Josh Stenger -- Boyz, boyz, boyz: new Black cinema and Black masculinity / Keith M. Harris -- Star Wars episodes I-VI: Coyote and the force of white narrative / Gabriel S. Estrada (Nahuatl) -- The whiteness of the rings / Sean Redmond -- Neo abolitionists, colorblind epistemologies and Black politics: the Matrix trilogy / Tani Dianca Sanchez -- Vampires of color and the performance of multicultural whiteness / Dale Hudson -- The naked and the dead: the Jewish male body and masculinity in Sunshine and Enemy at the gates / Peter Lehman and Susan Hunt -- Framing Jennifer Lopez: mobilizing race from the wide shot to the close-up / Priscilla Pena Ovalle -- Guess who's coming to dinner with Eldridge Cleaver &amp; the Supreme Court, or reforming popular racial memory with Hepburn and Tracy / Susan Courtney -- Master-slave sex acts: Mandingo and the race/sex paradox / Celine Parrenas Shimizu -- The tragedy of whiteness and neo-liberalism in Brad Kaaya's 'O'/Othello / Deborah Elizabeth Whaley -- Romeo must die: interracial romance in action / Gina Marchetti -- The dark side of whiteness: Sweetback and John Dollard's idea of the gains of the lower class negroes / Thomas Cripps -- Black like him: Steven Spielberg's The Color Purple / Lester D. Friedman -- Crossover diva: Whoopi Goldberg and persona politics / Bambi L. Haggins -- Surviving In living color with some White chicks: whiteness in the Wayans' (Black) minds / Beretta E. Smith-Shomade</subfield></datafield><datafield ind1=" " ind2="7" tag="648"><subfield code="a">Geschichte 1950-2000</subfield><subfield code="2">idszbz</subfield></datafield><datafield ind1=" " ind2="7" tag="650"><subfield code="a">Schwarze</subfield><subfield code="g">Motiv</subfield><subfield code="0">(DE-588)4116434-9</subfield><subfield code="2">gnd</subfield></datafield><datafield ind1=" " ind2="7" tag="650"><subfield code="a">Weiße</subfield><subfield code="g">Motiv</subfield><subfield code="0">(DE-588)4140565-1</subfield><subfield code="2">gnd</subfield></datafield><datafield ind1=" " ind2="7" tag="650"><subfield code="a">Film</subfield><subfield code="2">idszbz</subfield></datafield><datafield ind1=" " ind2="7" tag="650"><subfield code="a">Minderheit</subfield><subfield code="g">Motiv</subfield><subfield code="0">(DE-588)4228551-3</subfield><subfield code="2">gnd</subfield></datafield><datafield ind1=" " ind2="7" tag="650"><subfield code="a">Ethnische Beziehungen</subfield><subfield code="g">Motiv</subfield><subfield code="0">(DE-588)4176974-0</subfield><subfield code="2">gnd</subfield></datafield><datafield ind1=" " ind2="7" tag="650"><subfield code="a">Schwarze</subfield><subfield code="0">(DE-588)4116433-7</subfield><subfield code="2">gnd</subfield></datafield><datafield ind1=" " ind2="0" tag="650"><subfield code="a">Minorities in motion pictures</subfield></datafield><datafield ind1=" " ind2="0" tag="650"><subfield code="a">Motion pictures</subfield><subfield code="z">United States</subfield></datafield><datafield ind1=" " ind2="0" tag="650"><subfield code="a">Race in motion pictures</subfield></datafield><datafield ind1=" " ind2="7" tag="650"><subfield code="a">Film</subfield><subfield code="0">(DE-588)4017102-4</subfield><subfield code="2">gnd</subfield></datafield><datafield ind1=" " ind2="7" tag="650"><subfield code="a">Filmwirtschaft</subfield><subfield code="0">(DE-588)4154384-1</subfield><subfield code="2">gnd</subfield></datafield><datafield ind1=" " ind2="7" tag="650"><subfield code="a">Rasse</subfield><subfield code="g">Motiv</subfield><subfield code="0">(DE-588)4254018-5</subfield><subfield code="2">gnd</subfield></datafield><datafield ind1=" " ind2="7" tag="651"><subfield code="a">Hollywood</subfield><subfield code="2">idszbz</subfield></datafield><datafield ind1=" " ind2="7" tag="651"><subfield code="a">USA</subfield><subfield code="2">idszbz</subfield></datafield><datafield ind1=" " ind2="7" tag="651"><subfield code="a">USA</subfield><subfield code="0">(DE-588)4078704-7</subfield><subfield code="2">gnd</subfield></datafield><datafield ind1=" " ind2="7" tag="651"><subfield code="a">Weiße</subfield><subfield code="g">Ochsenhausen</subfield><subfield code="0">(DE-588)7838128-9</subfield><subfield code="2">gnd</subfield></datafield><datafield ind1=" " ind2="7" tag="651"><subfield code="a">Los Angeles- Hollywood</subfield><subfield code="0">(DE-588)4099817-4</subfield><subfield code="2">gnd</subfield></datafield><datafield ind1=" " ind2="7" tag="655"><subfield code="a">Aufsatzsammlung</subfield><subfield code="2">gnd-content</subfield></datafield><datafield ind1="1" ind2=" " tag="700"><subfield code="a">Bernardi, Daniel</subfield><subfield code="d">1964-</subfield><subfield code="0">(DE-588)133730905</subfield><subfield code="6">880-02</subfield></datafield><datafield ind1="1" ind2=" " tag="880"><subfield code="6">700-02</subfield><subfield code="a">Bernardi, Daniel</subfield><subfield code="d">1964-....</subfield><subfield code="0">(IDREF)098305999</subfield></datafield><datafield ind1="4" ind2="2" tag="856"><subfield code="u">http://www.loc.gov/catdir/enhancements/fy0731/2007008736-d.html</subfield></datafield><datafield ind1="4" ind2="2" tag="856"><subfield code="u">http://www.loc.gov/catdir/toc/ecip0712/2007008736.html</subfield></datafield><datafield ind1="4" ind2=" " tag="856"><subfield code="3">Inhaltsverzeichnis</subfield><subfield code="u">http://www.ub.unibas.ch/tox/IDSLUZ/001014863/PDF</subfield><subfield code="q">pdf</subfield></datafield><datafield ind1=" " ind2=" " tag="900"><subfield code="a">REROnoselfmerge</subfield></datafield><datafield ind1=" " ind2=" " tag="900"><subfield code="a">IDSZ2zbzmon200711f</subfield><subfield code="c">IDSZ2meyr</subfield><subfield code="d">IDSZ2zbzswk200803b</subfield><subfield code="e">IDSZ2genh</subfield></datafield><datafield ind1=" " ind2=" " tag="911"><subfield code="a">700</subfield><subfield code="a">Bernardi, Daniel</subfield><subfield code="d">1964-</subfield></datafield><datafield ind1=" " ind2=" " tag="949"><subfield code="a">http://www.ub.unibas.ch/tox/IDSLUZ/001014863/PDF</subfield></datafield><datafield ind1=" " ind2=" " tag="949"><subfield code="a">http://www.loc.gov/catdir/enhancements/fy0731/2007008736-d.html</subfield></datafield><datafield ind1=" " ind2=" " tag="949"><subfield code="a">http://www.loc.gov/catdir/toc/ecip0712/2007008736.html</subfield></datafield></record>
</metadata></record>