<record><header><identifier>oai:alma.41SLSP_UGE:991000010149705502</identifier><datestamp>2023-03-01T01:08:51Z</datestamp><setSpec>uge_bcen_RapidILL_BOOK</setSpec><setSpec>uge_aaca_RapidILL_BOOK</setSpec><setSpec>uge_abels_RapidILL_BOOK</setSpec><setSpec>uge_dbu_RapidILL_BOOK</setSpec><setSpec>uge_cmu_RapidILL_BOOK</setSpec><setSpec>uge_mail_RapidILL_BOOK</setSpec><setSpec>UNIGE_ALL</setSpec><setSpec>uge_abbat_RapidILL_BOOK</setSpec><setSpec>uge_acar_RapidILL_BOOK</setSpec><setSpec>uge_aobs_RapidILL_BOOK</setSpec></header><metadata>
<record xmlns="http://www.loc.gov/MARC21/slim" xmlns:xsi="http://www.w3.org/2001/XMLSchema-instance" xsi:schemaLocation="http://www.loc.gov/MARC21/slim http://www.loc.gov/standards/marcxml/schema/MARC21slim.xsd"><leader>03864nam a2200781 c 4500</leader><controlfield tag="001">991000010149705502</controlfield><controlfield tag="005">20230223204247.0</controlfield><controlfield tag="008">201011s2005    gw            00| | ger  </controlfield><datafield ind1=" " ind2=" " tag="020"><subfield code="a">3825822737</subfield></datafield><datafield ind1=" " ind2=" " tag="035"><subfield code="a">(swissbib)223080055-41slsp_network</subfield></datafield><datafield ind1=" " ind2=" " tag="035"><subfield code="a">223080055</subfield><subfield code="9">ExL</subfield></datafield><datafield ind1=" " ind2=" " tag="035"><subfield code="a">(IDSBB)002388559DSV01</subfield></datafield><datafield ind1=" " ind2=" " tag="035"><subfield code="a">(RERO)R004118601-41slsp</subfield></datafield><datafield ind1=" " ind2=" " tag="035"><subfield code="a">(NEBIS)005151068EBI01</subfield></datafield><datafield ind1=" " ind2=" " tag="035"><subfield code="a">(EXLNZ-41SLSP_NETWORK)991121480979705501</subfield></datafield><datafield ind1=" " ind2=" " tag="040"><subfield code="a">SzZuIDS BS/BE A258</subfield><subfield code="e">kids</subfield><subfield code="d">CH-ZuSLS</subfield></datafield><datafield ind1=" " ind2="7" tag="072"><subfield code="a">vk</subfield><subfield code="2">SzZuIDS BS/BE</subfield></datafield><datafield ind1=" " ind2="7" tag="072"><subfield code="a">se</subfield><subfield code="2">rero</subfield></datafield><datafield ind1=" " ind2="7" tag="072"><subfield code="a">ht</subfield><subfield code="2">rero</subfield></datafield><datafield ind1="1" ind2="4" tag="082"><subfield code="a">390</subfield><subfield code="2">15</subfield></datafield><datafield ind1=" " ind2=" " tag="084"><subfield code="a">LC 17000</subfield><subfield code="2">rvk</subfield></datafield><datafield ind1=" " ind2=" " tag="084"><subfield code="a">LC 17015</subfield><subfield code="2">rvk</subfield></datafield><datafield ind1=" " ind2=" " tag="084"><subfield code="a">NW 2250</subfield><subfield code="2">rvk</subfield></datafield><datafield ind1=" " ind2=" " tag="084"><subfield code="a">64</subfield><subfield code="2">sdnb</subfield></datafield><datafield ind1=" " ind2=" " tag="084"><subfield code="a">640</subfield><subfield code="2">sdnb</subfield></datafield><datafield ind1="1" ind2=" " tag="100"><subfield code="6">880-01</subfield><subfield code="a">Teuteberg, Hans Jürgen</subfield><subfield code="d">1929-2015</subfield><subfield code="0">(IDREF)028501209</subfield><subfield code="4">cre</subfield></datafield><datafield ind1="1" ind2=" " tag="880"><subfield code="a">Teuteberg, Hans Jürgen</subfield><subfield code="d">1929-2015</subfield><subfield code="0">(DE-588)105401498</subfield><subfield code="6">100-01</subfield></datafield><datafield ind1="1" ind2="0" tag="245"><subfield code="a">Nahrungsgewohnheiten in der Industrialisierung des 19. Jahrhunderts</subfield><subfield code="c">Hans Jürgen Teuteberg, Günter Wiegelmann</subfield></datafield><datafield ind1="1" ind2=" " tag="246"><subfield code="i">1. Auf. 1972 u.d.T.</subfield><subfield code="a">&lt;&lt;Der&gt;&gt; Wandel der Nahrungsgewohnheiten unter dem Einfluss der Industrialisierung</subfield></datafield><datafield ind1=" " ind2=" " tag="250"><subfield code="a">2. Aufl.</subfield><subfield code="b">mit einem Postskriptum erw. Neudruck</subfield></datafield><datafield ind1=" " ind2="1" tag="264"><subfield code="a">Münster</subfield><subfield code="b">Lit</subfield><subfield code="c">[2005]</subfield></datafield><datafield ind1=" " ind2="4" tag="264"><subfield code="c">© 2005</subfield></datafield><datafield ind1=" " ind2=" " tag="300"><subfield code="a">417 p.</subfield><subfield code="b">ill.</subfield><subfield code="c">24 cm</subfield></datafield><datafield ind1=" " ind2=" " tag="336"><subfield code="b">txt</subfield><subfield code="2">rdacontent</subfield></datafield><datafield ind1=" " ind2=" " tag="337"><subfield code="b">n</subfield><subfield code="2">rdamedia</subfield></datafield><datafield ind1=" " ind2=" " tag="338"><subfield code="b">nc</subfield><subfield code="2">rdacarrier</subfield></datafield><datafield ind1="1" ind2=" " tag="490"><subfield code="a">[Studien zum Wandel von Gesellschaft und Bildung im neunzehnten Jahrhundert]</subfield><subfield code="v">[Bd. 3, Ed. 2]</subfield></datafield><datafield ind1="1" ind2=" " tag="490"><subfield code="a">Grundlagen der europäischen Ethnologie</subfield><subfield code="v">Bd. 2</subfield></datafield><datafield ind1=" " ind2=" " tag="500"><subfield code="a">Enthält je einen Beitrag der beiden Autoren</subfield></datafield><datafield ind1=" " ind2="7" tag="648"><subfield code="a">Geschichte 1800-1900</subfield><subfield code="2">gnd</subfield></datafield><datafield ind1=" " ind2="7" tag="650"><subfield code="a">Ernährungsgewohnheit</subfield><subfield code="0">(DE-588)4136846-0</subfield><subfield code="2">gnd</subfield></datafield><datafield ind1=" " ind2="7" tag="650"><subfield code="a">Industrialisierung</subfield><subfield code="0">(DE-588)4026776-3</subfield><subfield code="2">gnd</subfield></datafield><datafield ind1=" " ind2="7" tag="650"><subfield code="a">Nahrungsaufnahme</subfield><subfield code="0">(DE-588)4126368-6</subfield><subfield code="2">gnd</subfield></datafield><datafield ind1=" " ind2="7" tag="650"><subfield code="a">Alimentation</subfield><subfield code="0">(IDREF)027218805</subfield><subfield code="2">idref</subfield></datafield><datafield ind1=" " ind2="7" tag="650"><subfield code="a">Industrialisation</subfield><subfield code="0">(IDREF)027468291</subfield><subfield code="2">idref</subfield></datafield><datafield ind1=" " ind2="7" tag="650"><subfield code="a">19e siècle</subfield><subfield code="0">(IDREF)027794059</subfield><subfield code="2">idref</subfield></datafield><datafield ind1=" " ind2="7" tag="650"><subfield code="a">Ernährung</subfield><subfield code="0">(DE-588)4015332-0</subfield><subfield code="2">gnd</subfield></datafield><datafield ind1=" " ind2="7" tag="650"><subfield code="a">ERNÄHRUNG + ERNÄHRUNGSWISSENSCHAFT</subfield><subfield code="9">ger</subfield><subfield code="0">(ETHUDK)000026402</subfield><subfield code="2">ethudk</subfield></datafield><datafield ind1=" " ind2="7" tag="650"><subfield code="a">ESSEN + TRINKEN + TISCHSITTEN (ETHNOLOGIE)</subfield><subfield code="9">ger</subfield><subfield code="0">(ETHUDK)000012327</subfield><subfield code="2">ethudk</subfield></datafield><datafield ind1=" " ind2="7" tag="650"><subfield code="a">INDUSTRIALISIERUNG (WIRTSCHAFTSWISSENSCHAFTEN)</subfield><subfield code="9">ger</subfield><subfield code="0">(ETHUDK)000010332</subfield><subfield code="2">ethudk</subfield></datafield><datafield ind1=" " ind2="7" tag="650"><subfield code="a">NAHRUNG + LEBENSMITTEL (HUMANERNÄHRUNG)</subfield><subfield code="9">ger</subfield><subfield code="0">(ETHUDK)000048487</subfield><subfield code="2">ethudk</subfield></datafield><datafield ind1=" " ind2="7" tag="650"><subfield code="a">SOZIALGESCHICHTE (SOZIALWISSENSCHAFTEN)</subfield><subfield code="9">ger</subfield><subfield code="0">(ETHUDK)000010070</subfield><subfield code="2">ethudk</subfield></datafield><datafield ind1=" " ind2="7" tag="650"><subfield code="a">WIRTSCHAFTSGESCHICHTE</subfield><subfield code="9">ger</subfield><subfield code="0">(ETHUDK)000010715</subfield><subfield code="2">ethudk</subfield></datafield><datafield ind1=" " ind2="7" tag="651"><subfield code="a">Allemagne</subfield><subfield code="0">(IDREF)027218856</subfield><subfield code="2">idref</subfield></datafield><datafield ind1=" " ind2="7" tag="651"><subfield code="a">Deutschland</subfield><subfield code="0">(DE-588)4011882-4</subfield><subfield code="2">gnd</subfield></datafield><datafield ind1=" " ind2=" " tag="690"><subfield code="a">Nahrungsforschung, Industrialisierung</subfield><subfield code="2">ubs-A6</subfield></datafield><datafield ind1=" " ind2=" " tag="690"><subfield code="a">Industrialisierung, Nahrungsgewohnheiten</subfield><subfield code="2">ubs-A6</subfield></datafield><datafield ind1=" " ind2=" " tag="691"><subfield code="e">El 2.c</subfield><subfield code="a">Early Modern Germany. Germany and the Germans from 1500 to 1871</subfield><subfield code="2">ubs-FH</subfield></datafield><datafield ind1="1" ind2="2" tag="700"><subfield code="a">Teuteberg, Hans Jürgen</subfield><subfield code="d">1929-2015</subfield><subfield code="t">Studien zur Volksernährung unter sozial- und wirtschaftsgeschichtlichen Aspekten</subfield></datafield><datafield ind1="1" ind2="2" tag="700"><subfield code="a">Wiegelmann, Günter</subfield><subfield code="d">1928-2008</subfield><subfield code="t">Volkstümliche Studien zum Wandel von Speisen und Mahlzeiten</subfield></datafield><datafield ind1="1" ind2=" " tag="700"><subfield code="a">Wiegelmann, Günter</subfield><subfield code="d">1928-2008</subfield><subfield code="0">(DE-588)102341206</subfield><subfield code="6">880-05</subfield></datafield><datafield ind1="1" ind2=" " tag="880"><subfield code="6">700-05</subfield><subfield code="a">Wiegelmann, Günter</subfield><subfield code="d">1928-2008</subfield><subfield code="0">(IDREF)028541952</subfield></datafield><datafield ind1="4" ind2=" " tag="856"><subfield code="u">https://d-nb.info/944313167/04</subfield><subfield code="x">UZH-HS</subfield><subfield code="z">Freier Zugriff/Accès libre via World Wide Web</subfield><subfield code="z">Inhaltsverzeichnis=Table des matières</subfield></datafield><datafield ind1="4" ind2=" " tag="856"><subfield code="3">Inhaltsverzeichnis</subfield><subfield code="u">http://www.ub.unibas.ch/tox/HBZ/HT011249917/PDF</subfield><subfield code="q">pdf</subfield></datafield><datafield ind1=" " ind2=" " tag="830"><subfield code="a">Grundlagen der europäischen Ethnologie</subfield><subfield code="v">2</subfield><subfield code="w">(IDSBB)000821880DSV01</subfield></datafield><datafield ind1=" " ind2=" " tag="830"><subfield code="a">Studien zum Wandel von Gesellschaft und Bildung im Neunzehnten Jahrhundert</subfield><subfield code="v">3/2</subfield><subfield code="w">(IDSBB)000026640DSV01</subfield></datafield><datafield ind1=" " ind2=" " tag="900"><subfield code="a">IDSAxvkvol</subfield></datafield><datafield ind1=" " ind2=" " tag="900"><subfield code="a">REROnoselfmerge</subfield></datafield><datafield ind1=" " ind2=" " tag="949"><subfield code="a">http://www.ub.unibas.ch/tox/HBZ/HT011249917/PDF</subfield></datafield></record>
</metadata></record>