<record><header><identifier>oai:alma.41SLSP_UGE:991000009629705502</identifier><datestamp>2023-03-01T01:08:51Z</datestamp><setSpec>uge_bcen_RapidILL_BOOK</setSpec><setSpec>uge_aaca_RapidILL_BOOK</setSpec><setSpec>uge_abels_RapidILL_BOOK</setSpec><setSpec>uge_dbu_RapidILL_BOOK</setSpec><setSpec>uge_cmu_RapidILL_BOOK</setSpec><setSpec>uge_mail_RapidILL_BOOK</setSpec><setSpec>uge_abbat_RapidILL_BOOK</setSpec><setSpec>UNIGE_ALL</setSpec><setSpec>uge_acar_RapidILL_BOOK</setSpec><setSpec>uge_aobs_RapidILL_BOOK</setSpec></header><metadata>
<record xmlns="http://www.loc.gov/MARC21/slim" xmlns:xsi="http://www.w3.org/2001/XMLSchema-instance" xsi:schemaLocation="http://www.loc.gov/MARC21/slim http://www.loc.gov/standards/marcxml/schema/MARC21slim.xsd"><leader>00973nam a2200277 c 4500</leader><controlfield tag="001">991000009629705502</controlfield><controlfield tag="005">20230228175100.0</controlfield><controlfield tag="008">020624s2002    fr ||||| |||| 00| ||fre d</controlfield><datafield ind1=" " ind2=" " tag="020"><subfield code="a">2220039080</subfield></datafield><datafield ind1=" " ind2=" " tag="035"><subfield code="a">(swissbib)097935239-41slsp_network</subfield></datafield><datafield ind1=" " ind2=" " tag="035"><subfield code="a">097935239</subfield><subfield code="9">ExL</subfield></datafield><datafield ind1=" " ind2=" " tag="035"><subfield code="a">(RERO)R003207684-41slsp</subfield></datafield><datafield ind1=" " ind2=" " tag="035"><subfield code="a">(EXLNZ-41SLSP_NETWORK)991075176249705501</subfield></datafield><datafield ind1=" " ind2=" " tag="040"><subfield code="a">RERO labcud</subfield><subfield code="d">CH-ZuSLS</subfield></datafield><datafield ind1=" " ind2="7" tag="072"><subfield code="a">ps</subfield><subfield code="2">rero</subfield></datafield><datafield ind1="1" ind2=" " tag="100"><subfield code="a">Robert-Ouvray, Suzanne Brigitte</subfield><subfield code="d">19..-....</subfield><subfield code="0">(IDREF)033775745</subfield><subfield code="4">cre</subfield></datafield><datafield ind1="1" ind2="0" tag="245"><subfield code="a">Intégration motrice et développement psychique</subfield><subfield code="b">une théorie de la psychomotricité</subfield><subfield code="c">Suzanne B. Robert-Ouvray</subfield></datafield><datafield ind1=" " ind2=" " tag="250"><subfield code="a">2e éd. révisée</subfield></datafield><datafield ind1=" " ind2="1" tag="264"><subfield code="a">Paris</subfield><subfield code="b">Desclée de Brouwer</subfield><subfield code="c">2002</subfield></datafield><datafield ind1=" " ind2=" " tag="300"><subfield code="a">276 p.</subfield><subfield code="b">ill.</subfield><subfield code="c">22 cm</subfield></datafield><datafield ind1=" " ind2=" " tag="336"><subfield code="b">txt</subfield><subfield code="2">rdacontent</subfield></datafield><datafield ind1=" " ind2=" " tag="337"><subfield code="b">n</subfield><subfield code="2">rdamedia</subfield></datafield><datafield ind1=" " ind2=" " tag="338"><subfield code="b">nc</subfield><subfield code="2">rdacarrier</subfield></datafield><datafield ind1="1" ind2=" " tag="490"><subfield code="a">Re-Connaissances</subfield></datafield><datafield ind1=" " ind2="7" tag="650"><subfield code="a">Psychomotricité</subfield><subfield code="0">(IDREF)027431622</subfield><subfield code="2">idref</subfield></datafield><datafield ind1=" " ind2=" " tag="830"><subfield code="a">Re-Connaissances</subfield><subfield code="p">Hommes et perspectives</subfield><subfield code="w">(RERO)1783834-41slsp</subfield></datafield><datafield ind1=" " ind2=" " tag="900"><subfield code="a">REROnoselfmerge</subfield></datafield></record>
</metadata></record><resumptionToken>1900-01-01@all@UNIGE_ALL@marc21@5986459370005502</resumptionToken></ListRecords></OAI-PMH>